3032 5078
739 388 778 448 56

189 573 310 637 uaeque
334 555 453 636 ubique
483 558 664 636 orerentur,
698 555 840 620 ultimam
869 555 998 620 deorum
1030 561 1130 620 terras
1162 554 1327 634 reliquisse

190 673 332 731 ueterum
348 665 473 731 fabulae
490 671 629 728 narrant.
662 671 693 730 ot
709 670 872 746 tantopere
896 665 936 729 ab
951 665 1044 730 huius
1060 667 1196 730 numinis
1212 671 1327 729 natura

190 782 285 857 atque
308 776 412 841 indole
444 775 614 840 abhorrent
636 775 773 857 proelia,
803 780 839 839 ut
869 774 957 839 nullo
986 782 1077 856 pacto
1108 775 1163 840 illa
1192 781 1327 858 apoeta

196 887 331 970 quodam
355 893 512 967 tamquam
533 905 681 968 praesens
704 886 888 951 bellantium
916 885 1055 950 uirorum
1078 884 1233 950 hortatrix
1250 884 1326 966 fingi

192 999 340 1080 potuerit.
386 998 493 1080 itaqua
525 1015 586 1060 non
610 996 718 1062 dubito
744 997 817 1077 quin
846 1014 965 1060 merum
988 994 1188 1060 librariorum
1213 995 1326 1061 uitium

190 1108 299 1172 subsit.
345 1126 406 1173 non
429 1107 525 1172 hebet
548 1112 651 1171 antem
674 1106 776 1171 altera
793 1107 882 1186 uirgo
905 1106 956 1170 hic
978 1106 1079 1170 locum
1102 1124 1195 1187 quam
1214 1107 1324 1172 Diana.

191 1237 260 1284 cum
283 1219 381 1300 igitur
408 1216 437 1282 G
461 1217 624 1297 ‘renusio',
660 1217 815 1281 (tantem
841 1217 1008 1280 ‘ranmnsia
1030 1216 1218 1298 praebeant,
1249 1218 1326 1282 scri·

188 1330 324 1395 bendum
353 1334 429 1411 puto
460 1330 524 1392 ‘ant
552 1327 655 1410 rapidi
678 1327 816 1391 Tritonis
840 1344 894 1390 era
921 1331 975 1390 aut
999 1327 1190 1391 Amorunaia
1213 1328 1324 1410 uirgo’.

276 1439 351 1504 ibid.
375 1443 509 1518 40lsq.:

409 1564 517 1633 optauit
536 1563 642 1633 genitor
661 1562 794 1633 primaeui
811 1562 908 1618 funera
928 1562 985 1617 nati

409 1658 480 1712 liber
497 1663 528 1711 ut
545 1657 676 1726 innuptae
694 1662 834 1724 poteretur
851 1655 919 1710 flore
940 1670 1083 1709 nouercae.

189 1790 270 1853 quae
299 1771 397 1835 uerba
426 1771 510 1835 haud
540 1789 601 1835 uno
630 1771 708 1835 uitio
732 1771 896 1852 inquinata
925 1775 1005 1835 sunt.
1050 1769 1184 1850 primum
1207 1778 1323 1853 antem,

190 1882 293 1963 siquid
316 1881 417 1961 aliud,
451 1884 591 1965 ineptum
616 1886 664 1946 est
684 1880 761 1945 illud
786 1880 936 1962 ‘optauid
983 1881 1058 1961 quid
1079 1880 1161 1945 enim
1183 1887 1266 1964 tum,
1299 1884 1326 1949 si

191 1994 257 2057 uoti
282 2012 343 2058 non
366 2011 491 2074 compos
512 1992 705 2057 reddebatur
729 1996 827 2074 pater,
852 1992 879 2056 si
902 1991 982 2055 uixit
1003 1991 1165 2073 uiguitque
1186 1989 1325 2058 filiolus?

189 2103 306 2184 optime
329 2102 467 2168 Achilles
492 2101 612 2168 Statius
635 2104 830 2184 comparauit
852 2099 982 2166 Salustii
1004 2101 1106 2167 locum
1132 2100 1212 2184 [Cat.
1228 2108 1275 2183 15,
1291 2104 1325 2188 2]

191 2217 357 2296 ‘postremo
388 2219 498 2295 captus
530 2231 635 2278 amore
659 2211 807 2277 Aureliae
835 2212 1002 2278 Orestillae
1096 2213 1179 2293 quod
1202 2231 1245 2278 ‚ea
1268 2232 1325 2278 nu·

191 2324 267 2390 bere
291 2324 336 2388 illi
360 2325 525 2390 dubitabat
549 2325 660 2388 timens
683 2323 864 2405 priuignum
887 2325 995 2388 adulta
1019 2327 1133 2402 aetate,
1157 2329 1325 2405 procerte

189 2436 327 2500 creditur
351 2439 460 2500 necato
483 2433 547 2499 filio
572 2453 703 2500 uacuam
727 2434 850 2499 domum
881 2435 1021 2498 scelestis
1052 2435 1170 2514 nuptiis
1193 2433 1323 2499 fecisso’.

193 2545 420 2627 nequehercle
451 2545 525 2626 quid
555 2546 731 2627 optauerit,
765 2544 819 2609 sed
849 2544 924 2631 quid
956 2543 1066 2609 fecerit
1092 2545 1217 2628 genitor
1243 2545 1324 2608 scire

190 2657 339 2737 cupimus.
392 2655 589 2720 scribendum
625 2661 673 2720 est
704 2661 813 2736 aperte
844 2654 992 2736 ‘patrauit
1023 2654 1165 2735 genitor'.
1210 2655 1323 2720 deinde

188 2784 282 2831 uersu
313 2766 412 2830 altero
442 2769 478 2829 ut
503 2765 674 2846 ‘innuptae'
705 2767 750 2829 ita
783 2765 955 2860 ‘nouercae’
985 2767 1119 2846 pessime
1154 2783 1188 2829 se
1218 2765 1323 2830 habet.

191 2894 292 2956 neque
316 2877 398 2940 enim
421 2875 563 2940 Catullus
585 2893 692 2940 uocem
716 2875 884 2958 ‘innuptus'
906 2875 999 2965 aliter
1030 2893 1122 2956 quam
1143 2875 1202 2941 hac
1225 2877 1321 2956 signi-

186 2985 331 3050 ficatione
356 2985 505 3065 ‘coniugis
530 2986 649 3066 expers'
671 2985 808 3052 adhibet.
853 3004 946 3068 porro
975 2988 1000 3049 si
1024 2987 1155 3051 sublatis
1178 3005 1195 3050 e
1218 2987 1321 3052 medio

187 3097 294 3160 liberis
316 3115 332 3160 e
354 3095 460 3178 priore
484 3113 579 3159 uxore
598 3095 711 3174 genitis
735 3113 864 3160 uacuam
888 3096 1070 3160 reddiderat
1084 3096 1209 3162 domum
1231 3102 1322 3179 pater

187 3207 351 3284 scelestus,
384 3223 498 3269 nonam
536 3224 629 3286 quam
663 3206 751 3272 duxit
782 3225 909 3271 uxorem
943 3225 1003 3271 non
1035 3223 1199 3272 nouercam
1233 3207 1318 3273 fecit.
1427 3275 1430 3280 ,

186 3319 293 3398 itaque
317 3336 386 3396 nos,
410 3317 463 3397 qui
487 3317 693 3398 interpretum
717 3316 850 3384 artificia
874 3335 979 3382 omnes
1003 3333 1101 3398 nugas
1124 3319 1317 3383 atrocissime

187 3426 442 3491 defensitantium
465 3427 548 3491 nihil>
565 3428 657 3509 plene
675 3445 827 3507 curamue,
849 3427 926 3492 haec
948 3432 1096 3510 corrupta
1118 3445 1186 3493 esse
1208 3430 1320 3494 statui-

187 3556 263 3600 mus.
308 3555 380 3600 nam
403 3536 559 3617 Catullus,
584 3544 619 3602 ut
642 3544 710 3602 erat
733 3538 954 3620 simplicissimi
976 3538 1093 3618 ingenii
1116 3538 1224 3619 homo,
1255 3541 1320 3604 tale
1362 3537 1368 3543 “

186 3649 261 3729 quid
284 3647 432 3728 dederat:
464 3653 498 3711 ut
528 3649 567 3712 ab
594 3648 653 3713 hac
674 3654 765 3729 parte
788 3648 868 3713 liber
892 3666 1004 3712 nouam
1028 3648 1156 3714 duceret
1180 3669 1317 3715 uxorem.

183 3758 300 3822 scribe:
326 3757 485 3842 ‘patravit
515 3759 638 3839 genitor
659 3760 812 3840 primaeui
842 3759 953 3824 funera
975 3761 1056 3839 nati,
1087 3759 1167 3824 liber
1190 3767 1225 3824 nt
1245 3761 1320 3826 hinc

188 3876 309 3948 nuptae
326 3871 489 3949 poteretur
509 3867 585 3934 flore
608 3869 772 3934 nouellne’.
818 3875 850 3934 et
874 3869 963 3933 decet
988 3871 1150 3935 ‘nouellus’
1175 3877 1236 3936 nox
1260 3871 1318 3936 Ca·

183 3978 293 4042 tullum
317 3963 579 4045 deminutinorum
603 3979 857 4045 amantissimum.

268 4088 368 4153 LXVI
393 4093 523 4172 loson:
