3032 5078
728 489 767 548 19

179 654 218 721 cf.
242 673 266 720 c.
288 654 314 720 Ο
336 653 379 737 [u.
404 655 529 738 dsqq.]:
556 656 615 721 ‘cui
638 654 761 722 feneum
784 656 912 738 potius?
943 655 1029 722 Caeli
1051 657 1119 723 tibi.
1163 675 1235 723 uam
1256 661 1312 723 tua

179 765 268 830 nobis
289 784 346 847 per
369 763 454 830 facta
475 764 615 831 exhibita
636 770 684 830 est
706 767 798 832 unica
818 767 971 846 amicitia,
995 787 1063 833 cunr
1086 785 1205 833 uesana
1226 785 1312 832 meas

178 881 314 940 torreret
336 873 461 940 flamma
491 875 664 940 medullas’.
709 878 749 941 ad
781 875 921 942 Coelium
951 877 1086 958 denique
1115 878 1241 943 missum
1264 883 1313 941 est

180 1005 205 1051 c.
229 984 347 1064 LVIII,
371 1002 432 1066 quo
454 991 549 1066 poeta
571 1005 724 1051 summum
745 1005 834 1051 suurn
855 987 979 1069 puellae
999 988 1039 1053 ad
1063 987 1249 1070 explendam
1273 987 1311 1053 li-

178 1095 317 1160 bidinem
338 1094 431 1176 plene
454 1113 488 1160 se
509 1096 691 1176 proicientis
714 1102 926 1179 contemptum
947 1096 1096 1163 declarat.

263 1204 311 1270 En
336 1204 442 1286 babes,
465 1204 562 1270 lector
584 1205 755 1287 benenom,
780 1208 896 1272 amoris
919 1207 974 1288 qui
992 1207 1075 1273 inter
1098 1207 1255 1273 Catullum
1279 1215 1312 1273 et

177 1315 322 1381 Lesbiam
348 1316 524 1381 intercessit
548 1317 711 1382 decursum
734 1319 779 1383 ita
809 1318 1017 1399 descriptum,
1050 1317 1310 1398 quemadmodum

182 1425 324 1490 omnibus
340 1443 421 1506 quae
440 1427 471 1490 in
494 1427 553 1492 hac
570 1428 753 1508 quaestione
768 1434 957 1494 momentum
973 1428 1092 1493 iaciant
1111 1429 1213 1492 causis
1236 1429 1309 1493 diii-

177 1537 359 1616 gentissime
379 1537 604 1618 perpensitatis
627 1538 703 1603 mihi
726 1523 852 1620 quidem
873 1557 995 1621 semper
1018 1537 1240 1604 describendus
1262 1545 1310 1602 est

177 1648 272 1712 uisus
317 1664 419 1727 neque
441 1665 586 1712 ueremur
616 1667 655 1712 ne
685 1649 712 1712 is
742 1649 796 1729 qui
826 1647 919 1729 longa
950 1653 1062 1730 poetae
1085 1649 1309 1714 consuetudine

175 1757 300 1822 ineius
329 1762 474 1822 naturam
503 1757 701 1839 indolemque
729 1759 854 1839 penitus
883 1776 952 1823 sese
981 1759 1189 1824 insinuauerit
1214 1759 1309 1823 talem

178 1867 303 1948 qualern
324 1872 429 1933 urente
444 1869 570 1950 concepi
591 1869 706 1934 amoris
728 1868 813 1933 illius
838 1869 1005 1952 imaginem
1026 1886 1045 1932 a
1067 1887 1172 1934 rerum
1196 1875 1310 1934 natura

178 1996 246 2042 esse
267 1978 401 2042 alienam
424 1977 619 2043 iudicaturus
648 1980 698 2043 sit.
743 1978 826 2058 qnod
856 1983 961 2042 autern
991 1979 1142 2044 nonnulla
1171 1980 1309 2045 carmina

176 2086 357 2170 [LXXXVI.
381 2085 569 2171 LXXXXII]
599 2088 693 2170 plane
723 2088 763 2154 ab
789 2088 849 2153 hac
877 2088 1089 2170 disputatione
1111 2088 1306 2169 exclusimus,

175 2197 291 2279 quippe
316 2215 397 2278 quae
426 2199 475 2263 cui
505 2200 537 2262 in
570 2215 677 2263 amore
702 2197 754 2263 illo
787 2198 920 2279 tempori
950 2200 1015 2263 sint
1043 2199 1147 2265 danda
1169 2198 1307 2262 nondum

174 2307 249 2373 mihi
269 2308 362 2390 plane
384 2313 522 2388 constet,
551 2308 583 2372 id
605 2308 697 2374 facile
718 2308 964 2390 condonabitur3
996 2327 1068 2374 nam
1091 2310 1132 2374 ad
1157 2325 1308 2372 summam

175 2418 369 2499 quaestionis
393 2416 447 2482 iila
470 2417 587 2481 nullius
610 2422 684 2482 sunt
705 2420 864 2483 momenti.

261 2527 366 2594 Pauca
391 2527 430 2594 de
455 2526 588 2593 Lesbiae
617 2528 742 2607 ingenio
764 2529 911 2594 addenda
932 2533 1063 2593 restant.
1109 2527 1243 2594 facetam
1264 2527 1309 2593 le·

176 2639 344 2721 pidamque
375 2656 445 2703 earn
473 2638 570 2704 inisse
600 2639 662 2703 iem
694 2656 732 2702 er
762 2637 807 2703 eis
835 2656 916 2719 quae
944 2656 1040 2719 supra
1067 2637 1107 2703 de
1128 2655 1153 2703 c.
1176 2636 1309 2702 XXXVI

52 2767 62 2788 ·
177 2751 283 2814 monui
312 2754 455 2830 apparet.
498 2748 642 2813 uersibus
674 2753 780 2812 autem
802 2749 974 2830 pangendis
1002 2747 1146 2812 calluisse
1176 2747 1308 2811 eandem

176 2864 285 2924 narrat
307 2859 453 2926 Sidonius
476 2858 667 2941 Apollinaris
690 2858 753 2942 [ep.
769 2857 801 2924 ΙΙ
827 2863 865 2923 10
888 2877 918 2939 p.
943 2862 1005 2923 900
1026 2855 1149 2940 Sirm.]:
1173 2856 1309 2921 ‘remini-

178 2988 266 3035 scere
287 2969 371 3051 quod
392 2987 487 3051 saepe
508 2988 634 3034 uersum
658 2968 794 3034 Corinna
815 2986 885 3033 cnm
906 2987 962 3032 suo
980 2968 1106 3032 Nasone
1129 2966 1305 3049 compleuit,

175 3079 291 3144 Lesbia
311 3097 381 3144 curn
402 3077 546 3143 Catulio’.
591 3081 673 3161 qnod
705 3079 917 3144 testimonium
951 3096 1006 3143 cur
1036 3079 1069 3144 in
1102 3077 1231 3143 dubium
1254 3095 1309 3142 uo·

175 3207 279 3254 cemus
302 3188 389 3252 nulla
417 3189 507 3254 adest
538 3207 641 3254 causa.
685 3207 786 3270 neque
816 3187 921 3260 hercle
951 3186 1083 3278 Lesbiae
1111 3189 1308 3269 potissimum

176 3299 300 3363 nomine
322 3297 394 3362 ficto
409 3299 546 3380 puellam
568 3316 656 3363 suam
678 3299 861 3363 adornasset
877 3297 1027 3378 Catullus,
1052 3299 1111 3363 nisi
1133 3298 1247 3363 studiis
1268 3315 1307 3362 ea

174 3409 308 3490 poeticis
330 3409 439 3472 dedita
462 3409 573 3474 fuisset
604 3408 655 3493 [cf.
679 3407 859 3475 Schwabius
880 3415 999 3489 quaest.
1031 3407 1098 3473 (lat.
1122 3428 1152 3490 p.
1167 3409 1307 3489 ‘lisqqt

260 3519 335 3599 Iam,
358 3519 443 3600 quod
466 3538 542 3584 sene
564 3537 657 3601 quarn
680 3519 814 3584 maxime
836 3519 951 3584 attinet
973 3520 1062 3600 scire,
1086 3519 1200 3599 quibus
1220 3518 1307 3584 uitae

174 3646 250 3695 suae
272 3629 362 3693 annis
385 3628 527 3694 Catullus
548 3629 693 3696 Lesbiam
724 3629 880 3694 erubuerit
902 3627 1128 3711 explorandum
1151 3632 1207 3693 est.
1253 3628 1307 3709 qui

174 3757 243 3804 cunr
278 3758 317 3804 ex
355 3739 521 3821 Bithynia,
556 3759 617 3822 quo
655 3758 684 3804 a.
717 3745 756 3804 57
789 3758 817 3805 a.
853 3740 925 3805 (ihr.
957 3757 1026 3805 cnm
1060 3737 1206 3802 Memmio
1236 3755 1308 3818 pro·

173 3855 320 3929 praetore
341 3849 500 3931 profectus
523 3854 608 3929 erat,
637 3852 669 3915 in
691 3849 816 3914 Italiam
848 3855 930 3914 esset
951 3849 1127 3928 rediturus,
1160 3847 1252 3912 fratri
1276 3847 1306 3912 in

173 3959 296 4024 Troade
312 3961 396 4041 apud
412 3959 587 4024 Rhoeteum
601 3960 853 4042 promunturium
874 3960 997 4040 sepulto
1019 3961 1158 4023 extrema
1175 3974 1308 4021 munera

172 4069 276 4134 soluit.
322 4088 391 4134 cnm
411 4076 516 4136 autem
538 4070 616 4134 illud
641 4070 723 4152 quod
748 4076 813 4134 turn
843 4071 874 4135 in
906 4070 1014 4135 fratris
1037 4068 1157 4132 tumulo
1180 4066 1306 4149 scripsit

171 4198 295 4245 carmen
320 4179 369 4260 CI,
394 4181 453 4245 etsi
476 4197 614 4244 amorem
636 4183 752 4246 mortui
774 4182 975 4246 tenerrimum
997 4197 1075 4262 prae
1097 4197 1131 4243 se
1153 4177 1231 4258 fert,
1258 4183 1306 4241 ta-

172 4307 241 4354 men
272 4307 367 4370 quam
394 4291 574 4372 longissime
604 4291 686 4356 absit
712 4292 751 4356 ab
782 4308 820 4355 ea
850 4291 967 4356 doloris
996 4290 1132 4356 saeuitia
1163 4305 1305 4381 quam-e.

1016 4411 1032 4462 2
1041 4409 1056 4442 *
