3032 5078
721 1423 745 1487 Ι.

428 1563 481 1632 llo
505 1563 640 1634 catulli
664 1565 700 1632 ot
721 1561 873 1631 Lesbiae
897 1579 1032 1632 amore.

229 1744 297 1826 vDe
318 1743 434 1810 Catulli
453 1743 566 1808 Lesbia
579 1749 687 1808 nostra
709 1750 814 1810 aetate
836 1745 899 1809 duo
921 1743 1117 1826 potissimum
1139 1744 1201 1808 uiri
1215 1743 1298 1808 docti

166 1855 206 1918 de
229 1854 353 1919 Catullo
377 1853 599 1942 benemeriti,
631 1853 803 1918 Mauricius
828 1854 985 1937 Hauptius
1020 1853 1097 1937 [obs.
1120 1855 1188 1918 crit.
1211 1872 1241 1934 p.
1265 1850 1298 1934 8]

165 1972 199 2031 et
227 1966 406 2031 Ludouious
434 1963 614 2029 Schwabius
645 1962 777 2046 [quaest.
808 1963 921 2029 Catuli.
950 1982 981 2046 p.
1006 1968 1045 2028 56
1055 1961 1153 2047 aqq.]‚
1187 1968 1218 2027 et
1245 1961 1299 2026 illc

164 2077 292 2158 quidem
321 2074 519 2158 perbreuiter
547 2079 580 2142 ct
612 2073 706 2137 nullis
737 2074 853 2138 additis
883 2074 1073 2152 rationibus,
1112 2072 1162 2138 hic
1193 2079 1320 2137 autem.

164 2186 253 2267 larga
284 2185 449 2267 amplaque
479 2184 693 2264 disputatione
722 2187 811 2262 usna,
841 2184 887 2248 ita
910 2184 1133 2264 quaesiueruut
1163 2188 1199 2247 ut
1225 2199 1298 2246 ean·

164 2285 355 2377 dematque
374 2293 515 2359 Clodiam
532 2293 624 2357 istam
646 2293 905 2373 quadrantariam
923 2291 1081 2358 Ciceronis
1103 2293 1298 2375 potissimum

163 2425 221 2489 pro
244 2404 352 2471 (laelio
376 2405 517 2470 oratione
539 2383 722 2467 infamatam
745 2400 949 2467 affirmarent.
995 2405 1050 2468 sed
1074 2401 1227 2468 Schwabii
1249 2419 1298 2465 ar·

163 2514 433 2597 gumentationam
456 2530 525 2577 cum
544 2531 606 2577 non
628 2530 691 2576 una
715 2513 754 2578 ab
778 2520 869 2593 parte
890 2514 1035 2578 uiderent
1058 2511 1220 2590 infirmam,
1243 2529 1299 2594 po-

163 2629 233 2690 stea
260 2625 524 2705 impugnauarunt
554 2621 729 2686 Guilelmus
769 2621 1002 2688 Vorlaenderus
1033 2621 1097 2706 [‘de
1120 2621 1236 2687 Catulli
1258 2621 1298 2686 ad

164 2733 311 2798 Lesbiam
326 2732 524 2798 carminibus’
547 2731 800 2815 Bonna01864]‚
824 2731 858 2796 Τ.
883 2731 918 2796 Τ.
937 2733 1095 2798 Kroonius
1117 2732 1299 2817 [⁴quaestio·

165 2859 222 2908 ncs
244 2841 451 2908 Catullianae’
476 2841 818 2926 Lugdunensem]
841 2848 883 2923 ct,
905 2844 958 2924 qui
982 2842 1092 2908 horum
1115 2847 1300 2924 argumenta

164 2951 342 3035 complexus
370 2957 433 3032 est,
473 2953 651 3018 Alexander
680 2952 803 3018 Riesius
834 2952 881 3037 [in
908 2953 1102 3019 Fleckeiseni
1137 2952 1240 3018 annal.
1269 2971 1298 3018 a.

167 3066 248 3128 1872
263 3081 294 3145 p.
312 3061 473 3146 ldlsqq.].
519 3079 597 3142 quos
619 3081 688 3128 cum
710 3064 897 3144 obloquendi
921 3064 1025 3128 studio
1046 3064 1137 3127 nimis
1152 3064 1300 3145 abreptos

165 3190 203 3237 ca
231 3191 347 3254 negare
377 3190 459 3254 quae
489 3173 599 3252 negari
627 3161 712 3238 nullo
742 3173 833 3240 modo
863 3174 1054 3254 debuerunt,
1085 3173 1169 3238 haud
1200 3190 1300 3255 pauca

164 3289 269 3348 autem
293 3283 325 3347 in
348 3283 407 3350 hac
426 3284 609 3364 quaestione
632 3283 735 3349 adhuc
750 3283 920 3350 admodum
941 3284 1038 3350 dubia
1053 3285 1203 3363 uiderem,
1228 3283 1300 3348 hinc
1427 3341 1429 3347 .

164 3394 265 3476 primo
288 3393 399 3459 horum
421 3393 633 3458 analectorum
656 3395 753 3475 capiti
773 3395 938 3460 materiam
961 3413 1030 3459 csse
1051 3395 1146 3460 uolui.

250 3503 347 3569 Recte
370 3510 476 3572 autern
492 3503 650 3568 Kreonius
665 3503 854 3585 Riesiusquc
877 3501 1030 3570 Schwabii
1053 3503 1299 3586 disputationem

164 3632 201 3682 eo
230 3614 364 3678 maxima
396 3613 541 3680 laborare
572 3613 794 3680 intellexeruut
827 3615 909 3698 quod
942 3616 994 3682 ille
1026 3632 1107 3696 quae
1138 3612 1302 3694 probanda

165 3729 256 3790 eraut
284 3725 348 3788 iam
377 3724 512 3805 probata
549 3724 655 3805 posuit
690 3729 786 3804 atque
815 3723 957 3790 Clodiam
993 3724 1250 3806 quadrantariam
1282 3741 1302 3787 a

165 3832 288 3899 Catullo
307 3832 439 3898 Lesbiae
462 3835 587 3898 nominc
608 3831 681 3899 ficto
698 3831 904 3914 significatam
927 3853 996 3900 esse
1011 3833 1171 3899 affirmans
1188 3833 1301 3915 (ipsius

164 3949 236 4008 utor
257 3941 377 4026 uerbis)
400 3941 532 4026 Lesbiae
555 3949 587 4007 et
610 3943 728 4009 Catulli
751 3962 887 4008 amorem
911 3963 980 4009 eum
1002 3949 1156 4026 perpetua
1172 3942 1302 4008 Clodiae

165 4041 397 4135 comparatione
414 4053 583 4116 enarrauit.
629 4052 688 4118 hoc
703 4054 785 4118 enim
806 4060 899 4136 pacto
914 4054 1062 4137 perfacile
1077 4052 1145 4119 fieri
1163 4052 1302 4136 potuisse

166 4170 201 4230 ut
223 4164 323 4229 multa
345 4162 399 4229 ille
423 4160 554 4228 inferret
576 4161 682 4228 aliena
702 4164 801 4230 multa
823 4165 1011 4232 admisceret
1034 4165 1138 4244 dubia,
1162 4165 1232 4245 quis
1255 4169 1317 4246 est

165 4274 241 4355 quin
261 4271 447 4356 intellegat?
480 4272 604 4338 unicam
634 4273 857 4354 igituruium,
889 4291 952 4354 qua
981 4277 1013 4340 in
1036 4294 1071 4340 ro
1095 4282 1159 4339 tam
1181 4275 1303 4340 incerta

1040 4379 1077 4429 μ
