3032 5078
724 424 765 483 43

176 598 228 658 tor
252 593 298 658 eis
319 593 361 657 sit
382 591 562 657 irrumator’
593 591 731 656 absurde
752 595 808 656 est.
853 595 939 656 recte
968 591 1031 655 iam
1053 589 1198 655 Muretus
1219 590 1311 654 resti-

178 703 241 768 tuit
274 701 518 783 ‘quaestoribus’.
565 703 700 783 deniqne
730 700 807 766 illud
835 704 906 765 ‘non
929 699 1056 765 faceret'
1085 718 1179 765 uersu
1201 701 1310 766 ultimo

177 831 239 878 non
262 817 367 894 potest
389 811 532 877 obtinere
554 811 664 877 locum.
709 828 771 876 non
804 829 881 892 opus
905 816 973 876 erat
996 808 1149 874 Grononii
1171 809 1310 874 uiolento

176 975 350 1039 mutatione
373 971 518 1052 iaciens,
543 970 634 1036 modo
651 969 894 1035 substitueretur
917 989 934 1034 e
959 967 995 1050 V,
1019 971 1073 1051 qni
1097 927 1166 1035 bireti]
1182 969 1309 1036 feeeret’

178 1082 319 1166 praebet,
345 1083 481 1164 ‘praetor
502 1100 560 1146 nec
590 1081 707 1146 iaceret
736 1081 792 1161 pili
824 1081 1000 1168 cohortem'.
1045 1097 1208 1146 namnum
1232 1080 1310 1162 ‘qni-

177 1193 245 1258 bus'
268 1210 362 1258 uersu
385 1193 546 1273 superiore
567 1209 624 1272 pro
649 1193 726 1255 ‘rum
748 1191 802 1256 eis'
824 1193 960 1274 positum
983 1191 1039 1270 sit,
1065 1189 1156 1255 facile
1179 1191 1219 1256 ad
1245 1194 1310 1255 ‘nec

177 1301 305 1368 faceret’
326 1302 602 1384 subintellegemus
625 1300 722 1366 ‘cum’.

230 1410 234 1417 ’
263 1411 366 1477 XXIX
389 1417 424 1476 9:

398 1515 471 1574 huno
492 1517 596 1574 Galliae
613 1517 690 1573 timet
707 1526 734 1572 et
750 1518 918 1573 Britanniae.

177 1631 224 1695 ita
255 1627 286 1692 V
305 1631 429 1696 exbibet
452 1649 578 1696 uersum
595 1631 861 1712 corruptissimum
882 1632 935 1710 uui
954 1631 1159 1713 plurimorum
1183 1630 1309 1709 quidem

179 1743 318 1806 uirorum
348 1741 509 1806 doctorum
541 1760 646 1821 curan,
680 1740 815 1804 nondum
845 1747 950 1806 tamen
980 1741 1132 1805 modelam
1164 1744 1310 1820 expertus

178 1859 236 1916 est.
281 1849 353 1915 nam
375 1851 525 1916 mutando
558 1857 589 1915 et
612 1851 842 1932 transponendo
873 1852 948 1932 quid
973 1851 1057 1914 aliud
1085 1850 1131 1914 illi
1155 1849 1309 1914 consecuti

178 1965 252 2027 sunt
276 1979 369 2043 quam
393 1969 428 2025 ut
450 1963 637 2026 sententiam
668 1980 687 2026 a
710 1960 824 2025 Catulli
847 1966 951 2025 mente
973 1960 1194 2025 alienissimam
1219 1961 1311 2024 resti-

179 2073 327 2136 tuerent?
364 2071 456 2136 nimis
489 2072 605 2152 quippe
635 2072 839 2153 pertinaciter
867 2090 1015 2153 praesens
1050 2077 1171 2153 tempus
1203 2072 1311 2135 ‘timet'

139 2253 142 2257 ,
178 2187 336 2247 retentum
361 2188 417 2246 est.
463 2181 540 2247 nihil
571 2188 674 2247 eutem
699 2181 831 2264 emplius
863 2187 928 2246 tum
959 2181 1112 2248 timebant
1135 2180 1258 2246 Galliae
1280 2185 1311 2245 et

179 2293 354 2358 Britannia.
401 2293 462 2356 iam
486 2293 567 2356 enim
592 2305 698 2356 eornm
729 2292 886 2357 thesauris
908 2294 1026 2374 potitus
1048 2297 1118 2357 eret
1139 2291 1309 2365 Mamurra,

180 2405 242 2468 iam
270 2420 377 2468 eorum
407 2402 527 2466 diuitiis
564 2420 638 2466 usus
669 2403 886 2484 corrumpebat
922 2403 1068 2468 mulieres
1104 2401 1309 2467 Ueronenses.

182 2520 349 2596 postquam
364 2518 469 2577 eutem
491 2531 521 2576 u.
537 2515 661 2576 16-19
677 2519 772 2596 poeta
792 2513 935 2594 exposuit
958 2514 1031 2577 inde
1047 2531 1065 2576 e
1084 2513 1185 2594 primo
1203 2512 1310 2576 adole·
1373 2517 1375 2526 ’

180 2625 300 2688 scentia
324 2621 479 2687 elluonem
499 2617 595 2686 luisse
611 2621 812 2703 Mamurram,
837 2623 922 2704 quid,
947 2641 1071 2704 quaeso,
1099 2623 1184 2686 aliud
1208 2622 1312 2704 potuit

180 2733 304 2798 adicere
328 2749 420 2812 quom
444 2731 507 2796 tale
529 2731 604 2811 quid
634 2733 676 2795 ‘et
698 2734 729 2796 in
752 2733 847 2798 talem
877 2752 932 2798 uos
959 2731 1114 2796 homiuem
1138 2717 1260 2796 Galliae
1280 2737 1311 2795 et

179 2843 363 2907 Britanniae
381 2841 510 2907 diuitias
526 2821 733 2909 contulistisi'
756 2844 858 2924 legas:
874 2846 928 2908 ,ur
940 2842 1032 2906 boloe
1048 2842 1171 2907 Galliae
1189 2841 1310 2928 optima

179 2945 449 3017 etBritanniee?’
474 2952 619 3033 adquae
650 2953 747 3018 uerba
769 2951 916 3017 facillime
948 2953 1097 3018 ‘dedistis’
1130 2954 1179 3017 uel
1210 2953 1311 3018 simile

178 3063 253 3144 quid
277 3061 450 3143 suppletur,
474 3067 509 3125 ut
534 3061 728 3127 xxxvlno
754 3065 807 3129 ‘sie
829 3081 913 3128 meos
939 3063 1102 3144 amoresi’,
1127 3064 1191 3128 scil.
1231 3066 1310 3130 ‘red-

179 3171 246 3237 dis’.
261 3207 304 3218 -·—
327 3171 364 3236 ci.
388 3171 538 3237 Horatius
564 3171 635 3254 [sot.
657 3172 672 3237 l
695 3177 724 3253 2,
750 3171 805 3256 90]
831 3174 980 3254 ‘eorporis
1003 3173 1139 3256 optime’.

263 3279 366 3347 XXXI
389 3285 464 3362 8sq.

400 3449 459 3488 curu
477 3449 552 3488 mens
570 3449 638 3488 onus
656 3435 767 3502 reponit
784 3449 817 3488 ao
834 3435 980 3503 peregrino

376 3584 379 3592 ,
398 3526 493 3581 labore
511 3527 577 3580 fessi
594 3528 715 3581 uenimus
734 3526 819 3580 larem
836 3527 870 3580 ad
887 3535 1019 3582 nostrum.

177 3683 307 3747 prorsus
330 3665 456 3731 insolito
478 3665 570 3730 modo
602 3666 794 3747 ‘peregrinus
817 3665 914 3731 labor’
941 3666 1069 3746 ponitur
1092 3685 1148 3748 pro
1171 3669 1309 3749 peregri-

178 3777 273 3840 nandi
305 3776 421 3841 labore.
467 3778 587 3857 comige
611 3779 657 3840 ‘ae
680 3776 846 3857 peregrino
867 3777 908 3840 ob
931 3775 1005 3841 orbe
1027 3776 1120 3857 fessi'3
1145 3775 1182 3842 ef.
1201 3795 1247 3842 ex.
1263 3796 1308 3859 gr.

178 3886 312 3951 Ouidius
333 3887 418 3970 [met.
441 3886 457 3951 I
480 3886 534 3969 94]
559 3888 765 3968 ‘peregrinum
788 3890 823 3951 ut
844 3887 962 3952 uiseret
984 3887 1110 3954 orbem’

265 3997 429 4063 XXXVIII
455 4001 565 4077 lisq.:

326 4116 329 4119 Δ
398 4136 428 4185 tu
446 4135 556 4199 praeter
573 4145 675 4198 omnes,
695 4145 747 4184 une
766 4129 799 4184 de
819 4130 963 4199 capillatis,

399 4223 571 4279 cuniculosae
590 4222 753 4278 Celtiberiae
770 4221 818 4295 fili,
