3032 5078
1092 428 1113 468 Ο

713 481 752 546 13

165 650 263 714 uitam
283 649 406 714 tristem
429 651 537 711 actura
560 646 732 711 uideretur.
777 646 923 712 nimirum
944 664 1080 728 quanam
1102 647 1142 711 de
1163 665 1257 712 causa
1279 665 1299 712 a

164 758 279 824 Lesbia
301 759 443 822 desertus
474 757 515 822 sit
543 755 686 821 Catullus
714 758 815 823 adhuc
836 757 960 822 nesciit:
991 757 1091 822 cuiuis
1125 763 1229 822 autem
1252 759 1299 822 rei

167 887 261 950 quam
283 869 408 951 puellae
431 864 582 949 perfidiae
604 867 782 933 adscribere
807 869 910 933 uoluit
933 867 1106 932 discidium.
1129 869 1300 950 —itaque

166 996 235 1043 meo
257 977 332 1044 mihi
357 980 425 1043 iure
448 995 572 1045 carmen
596 983 740 1044 octauum
771 979 912 1060 proximo
940 983 1012 1060 post
1034 982 1147 1059 poetae
1168 979 1298 1046 Romam

165 1089 302 1154 reditum
325 1089 457 1171 tempori
481 1087 655 1152 attribuere
675 1087 794 1153 uideor.
840 1094 977 1154 ceterum
999 1089 1046 1153 ita
1066 1088 1238 1154 rectissime
1258 1089 1299 1154 de

165 1198 219 1263 illo
242 1199 395 1264 iudicauit
426 1198 583 1280 Hauptius
615 1198 694 1281 [obs.
724 1187 793 1264 crit.
824 1203 852 1279 2,
878 1199 928 1282 3]:
962 1200 1003 1263 ‘in
1033 1199 1092 1265 boc
1120 1199 1299 1265 dulcissimo

166 1310 303 1375 carmine
326 1310 399 1374 dum
429 1326 462 1374 se
485 1312 614 1374 reuocat
636 1314 730 1389 poeta
760 1327 779 1374 a
809 1309 924 1375 misero
955 1327 1076 1389 amore,
1112 1315 1299 1375 nontamen

167 1437 287 1484 omnam
315 1437 401 1502 spem
431 1419 637 1501 recuperandi
670 1436 708 1483 ea
738 1436 819 1500 quae
846 1420 1009 1500 perierunt
1041 1421 1087 1484 ita
1117 1419 1242 1485 abiecit·
1264 1426 1299 1485 ut

167 1529 317 1595 abiecisse
340 1530 440 1594 uideri
464 1529 550 1608 uuit,
575 1546 632 1593 nec
657 1533 720 1594 tarn
743 1529 900 1595 obstinata
920 1535 1023 1594 menta
1047 1530 1182 1596 obdurat
1205 1547 1298 1612 quam

168 1640 207 1705 de
231 1658 265 1704 se
287 1640 459 1722 praedicat.
504 1657 602 1721 qnare
624 1639 740 1703 multus
767 1644 815 1704 est
846 1640 878 1703 in
902 1639 1108 1705 describenda
1128 1641 1258 1706 relictae
1281 1658 1300 1704 a

167 1769 201 1816 se
225 1749 281 1834 [i]
304 1749 429 1832 puellae
457 1749 541 1814 tristi
564 1747 733 1813 solitudine
757 1753 852 1830 atque
875 1749 907 1814 in
933 1748 994 1815 fine
1017 1752 1163 1816 carminis
1186 1751 1298 1816 iterum

168 1879 236 1927 sesa
259 1866 295 1927 ut
317 1862 451 1926 obduret
472 1858 679 1925 adhortatur'.

251 1970 333 2049 Mox,
359 1976 394 2035 nt
417 1972 478 2034 iam
494 1987 589 2051 supra
612 1969 685 2048 dixi,
709 1985 892 2049 ueramque
909 1969 1023 2034 Lesbia
1044 1968 1084 2033 ab
1106 1970 1300 2036 contionata

165 2088 214 2147 est
240 2099 366 2146 causam
388 2088 482 2162 poeta
504 2080 678 2161 perspexit:
703 2079 848 2144 nimirum
867 2078 1005 2144 absentis
1027 2081 1177 2145 amatoris
1199 2081 1300 2146 oblita

166 2193 298 2258 alterum
322 2192 354 2255 in
376 2192 442 2255 aius
465 2190 564 2255 locum
589 2189 645 2253 illa
662 2189 849 2254 adsciuerat.
894 2207 963 2252 cum
986 2194 1091 2254 autem
1114 2209 1176 2254 non
1199 2209 1299 2274 pauca

166 2301 281 2367 Catulli
303 2300 440 2366 carmina
463 2300 495 2363 in
519 2300 649 2365 aemulis
671 2317 749 2381 quos
772 2299 833 2364 ianr
863 2296 975 2364 abhinc
996 2299 1029 2363 in
1044 2299 1176 2365 Lesbiae
1192 2319 1299 2367 amore

165 2410 278 2475 habuit
300 2411 497 2492 exagitandis
525 2416 620 2492 atque
649 2410 800 2475 uexandis
830 2412 1011 2490 uersentur,
1046 2409 1164 2476 nullum
1193 2416 1297 2477 tamen

166 2519 440 2601 uehementiorem,
465 2520 541 2585 mibi
563 2521 743 2602 quidem‘ut
760 2521 895 2599 uidetur,
919 2518 1059 2584 dolorem
1080 2538 1158 2602 prae
1180 2539 1214 2587 se
1235 2521 1298 2587 fert

167 2649 259 2712 quam
281 2649 405 2696 carmen
424 2630 585 2696 LXXVII:

320 2783 400 2862 R'ufe,
419 2792 485 2847 mibi
504 2789 605 2847 frustra
622 2806 655 2846 ao
672 2790 837 2860 nequiquam
856 2790 961 2846 credite
979 2791 1066 2846 amice

389 2884 523 2955 (frustrat
540 2885 620 2940 immo
638 2899 736 2952 magno
755 2899 816 2938 cum
832 2885 922 2953 pretio
941 2885 1132 2955 etquenam),

320 2979 403 3034 sicine
421 2979 559 3048 subrepsti
576 2981 612 3034 mi
631 2987 714 3048 atque
732 2978 862 3032 intestina
879 2992 1011 3046 perurens

389 3071 415 3127 ei
432 3073 530 3127 misero
549 3071 672 3141 eripuisti
688 3072 777 3127 omnia
793 3079 889 3127 nostra
907 3073 1000 3128 bona?

320 3165 453 3234 eripuisti,
472 3165 540 3220 eheu
558 3170 669 3220 nostrae
688 3163 797 3219 crudele
814 3179 947 3227 uenenum

392 3259 475 3328 uitae,
493 3258 562 3313 eheu
581 3266 691 3340 nostrae
709 3257 796 3327 pestis
815 3257 959 3336 anricitiae.

169 3405 283 3485 quibus
297 3405 440 3471 uersibus
462 3413 552 3472 erant
574 3408 627 3489 qui
646 3407 770 3472 omnino
791 3411 943 3488 negarent
966 3407 1121 3472 aemulum
1142 3405 1298 3487 quendam

166 3515 270 3596 tangi,
301 3533 370 3580 cum
401 3522 504 3582 tamen
535 3517 633 3582 uerba
660 3517 774 3581 ‘omnia
807 3521 915 3582 nostra
948 3516 1039 3582 bona'
1072 3532 1208 3598 quonam
1234 3515 1297 3580 alio

166 3641 259 3704 quam
283 3624 323 3689 ad
348 3625 492 3691 Lesbiam
516 3627 627 3692 referri
650 3627 771 3709 possint
793 3645 853 3691 non
872 3627 1006 3692 uideam.
1051 3627 1160 3707 itaque
1182 3623 1297 3689 Rufum

166 3751 290 3816 quoque
306 3733 439 3800 Lesbiae
460 3736 558 3802 foisse
580 3743 750 3803 amatorem
770 3736 845 3803 mihi
869 3738 994 3819 quidem
1013 3736 1218 3800 certissimum
1241 3739 1296 3798 est.

166 3845 321 3927 eripiendi
344 3851 448 3910 autem
473 3847 603 3912 uerbum
627 3866 689 3912 non
716 3848 819 3930 potuit
846 3846 990 3912 adhiberi
1019 3845 1080 3910 nisi
1112 3845 1151 3911 de
1184 3844 1298 3927 coqui

165 3955 285 4036 primus
306 3955 438 4021 Lesbiae
468 3975 544 4037 erga
566 3955 722 4023 Catullum
751 3955 843 4022 fidem
873 3956 1084 4039 temptauerit.
1130 3972 1191 4036 quo
1214 3955 1297 4020 enirn

164 4065 251 4144 iure,
284 4065 412 4145 amabo,
445 4066 471 4130 si
501 4066 616 4131 Rufum
647 4068 816 4133 secundum
845 4067 896 4133 uel
927 4067 1054 4132 tertium
1077 4065 1128 4130 uel
1150 4069 1297 4146 quartum

165 4180 236 4258 post
264 4174 420 4242 Catullum
451 4177 561 4242 habuit
590 4177 703 4242 Lesbia
739 4178 847 4244 lectuli
878 4179 1011 4257 socium,
1052 4176 1202 4241 vocabulo
1235 4176 1297 4242 isto

164 4291 259 4367 poeta
289 4285 460 4351 utebatur?
497 4286 612 4353 Rufum
643 4289 740 4370 igitur
769 4308 840 4355 eum
868 4288 965 4354 inisse
984 4303 1175 4381 *censeamus
1205 4304 1296 4368 opor-
