3032 5078
656 426 660 432 '
769 449 788 506 4

212 613 252 680 ad
282 631 391 679 uerum
421 614 580 695 perueniri
610 613 723 695 possit,
755 631 824 678 earn
854 612 1067 692 ingrediamur
1096 615 1221 693 oportet
1252 588 1296 676 ut¹
1309 630 1347 676 ex

207 723 312 806 'ipsius
341 729 455 806 poetae
483 722 672 789 carminibus
698 723 958 804 interpretatione
991 717 1084 804 quarn
1113 722 1347 788 accuratissima

213 851 358 899 eruamus
381 840 498 899 certam
521 834 560 898 de
582 833 714 898 Lesbiae
736 832 918 898 condicione
938 818 1076 898 m'oribus
1096 833 1221 913 ingenio
1245 832 1346 913 deque

214 946 329 1011 amoris
358 945 413 1025 qni
439 944 521 1010 inter
550 961 619 1008 earn
649 947 681 1008 et
703 941 862 1008 Catullum
885 947 954 1026 erat
975 942 1245 1008 uicissitudinibus
1266 944 1346 1008 noti-

212 1056 298 1121 tiam.
343 1059 409 1120 tum
433 1053 556 1119 demum
577 1054 753 1135 disquirere
774 1052 881 1120 licebit
903 1071 977 1117 num
995 1051 1191 1120 Catullianae
1213 1053 1347 1118 Lesbiae

213 1165 343 1248 imagini
366 1164 533 1230 conueniat
564 1181 633 1230 aum
655 1181 795 1246 eaquae
818 1163 857 1230 de
880 1162 990 1229 Clodia
1011 1163 1238 1244 quadrantaria
1257 1162 1346 1229 nobis

45 1273 49 1293 ¹
117 1333 125 1340 .
214 1275 335 1340 tradita
355 1279 411 1339 est.

300 1383 368 1449 Iam
384 1389 421 1449 ut
442 1389 527 1450 certo
549 1383 721 1467 dIsputatio
736 1390 845 1450 nostra
858 1382 1061 1448 fundamento
1078 1383 1242 1464 innitatur,
1268 1401 1344 1450 enu-

212 1495 364 1561 meranda
379 1499 453 1559 sunt
469 1511 550 1575 quas
572 1494 612 1559 ad
629 1494 774 1560 Lesbiam
794 1494 975 1577 pertineant
989 1494 1136 1558 carmina.
1181 1495 1269 1560 euius
1290 1511 1343 1559 no·

212 1623 284 1670 men
299 1621 376 1686 prae
391 1621 425 1669 se
440 1603 545 1669 ferunt
560 1623 585 1669 c.
599 1603 638 1670 V.
658 1604 726 1670 VII.
743 1603 854 1670 XLIII.
871 1603 921 1668 LI.
934 1601 1046 1667 LVIII.
1062 1602 1187 1669 LXXII.
1205 1603 1341 1669 LXXIX.

212 1713 382 1780 LXXXIII.
412 1713 587 1778 LXXXVII
608 1719 641 1780 et
662 1713 784 1780 LXXV.
814 1711 910 1780 XCII.
944 1711 1038 1778 CVII.
1081 1732 1176 1796 porro
1202 1714 1241 1779 ad
1271 1714 1345 1802 Les·

212 1825 296 1890 biam
316 1829 401 1890 certe
423 1821 591 1890 referenda
612 1829 701 1905 sunt,
728 1825 802 1890 lieet
831 1825 897 1888 eius
921 1841 1033 1889 nornen
1056 1842 1118 1888 non
1141 1826 1341 1905 contineant,

212 1953 237 2000 e.
260 1934 292 1999 11
313 1940 344 2000 et
364 1933 412 1998 111
434 1933 486 2017 [ef.
507 1933 664 2000 Martialis
684 1934 744 1999 VH
762 1937 802 2000 14
818 1939 850 2000 et
863 1933 936 1998 XIV
962 1933 1034 2017 77];
1060 1933 1134 1999 VIII
1149 1941 1182 2000 et-
1193 1933 1343 2000 XXXVII

211 2043 264 2129 [oi.
287 2043 389 2110 LVIII
420 2048 438 2108 3
470 2050 501 2109 et
522 2044 697 2110 LXXXVII
730 2044 778 2128 l]‚
811 2042 896 2109 LXX
927 2042 980 2128 [ef.
1000 2044 1129 2128 LXXll]
1159 2050 1192 2109 et
1213 2044 1344 2110 LXXVI

211 2153 264 2239 [ef.
287 2171 317 2218 u.
344 2154 406 2238 13].
431 2190 471 2202 ω
492 2153 555 2218 alla
577 2156 736 2236 poematia
767 2173 841 2219 num
869 2155 909 2219 ad
931 2154 1076 2220 Lesbiam
1096 2156 1276 2240 pertineant
1297 2155 1345 2220 in·

212 2264 262 2331 fra
278 2263 462 2346 uidebimus
487 2283 569 2330 nuno
583 2264 642 2331 hoe
664 2284 759 2330 unum
777 2265 901 2344 addam,
925 2265 1061 2330 oarmIne
1076 2264 1262 2348 LXVIHl*)
1284 2283 1346 2331 non

211 2375 420 2459 possedon
443 2375 604 2440 mulierem
631 2375 783 2442 celebrari
816 2392 909 2457 quam
932 2373 1085 2440 Lesbiam.
1130 2375 1212 2457 quod
1235 2394 1255 2440 a
1276 2394 1346 2442 sen-

212 2486 332 2551 tentiae
361 2482 584 2551 Schwabianae
618 2486 888 2570 impugnatoribus
913 2485 1014 2549 almis
1053 2482 1166 2567 cupide
1198 2492 1346 2567 negatum

214 2600 270 2676 est,
292 2613 362 2661 eum
383 2595 605 2677 intellegerent
627 2596 674 2660 illi
703 2595 743 2660 ab
765 2594 824 2661 hoo
846 2595 984 2660 carmine
1004 2595 1141 2676 pendere
1162 2615 1284 2672 omnem
1306 2598 1346 2664 de

211 2704 344 2770 Lesbiae
365 2723 500 2788 persona
523 2706 777 2790 disputationem.
822 2705 898 2786 quid
921 2705 1026 2770 enim?
1048 2723 1117 2770 eum
1134 2704 1285 2786 Catullus,
1312 2711 1347 2774 ut

212 2820 282 2882 erat
309 2814 400 2880 homo
423 2817 562 2882 sincerus
591 2814 737 2897 idemque
765 2815 901 2894 calidus,
936 2833 1149 2898 quaecumque
1172 2817 1201 2881 ei
1225 2817 1345 2886 asside-

212 2931 287 2991 runt
308 2927 376 2992 siue
398 2925 482 2990 mala
509 2925 577 2991 siue
599 2928 697 3006 bena,
727 2944 766 2992 ea
788 2926 930 2992 uersibus
952 2926 1159 3009 exprimeret,
1193 2926 1286 3009 plane
1310 2931 1345 2991 ut

213 3037 253 3102 de
272 3054 309 3101 eo
324 3037 429 3102 dicere
445 3035 540 3101 liceat
553 3036 637 3117 quod
652 3036 693 3102 de
708 3037 828 3104 Lucilio
842 3037 992 3103 Horatius
1008 3036 1081 3122 [sat.
1097 3036 1129 3102 11
1147 3042 1174 3118 1,
1193 3036 1344 3121 30sqq.]:

377 3186 423 3242 ille
441 3185 517 3242 uelut
534 3184 596 3242 fidis
616 3201 720 3242 areana
736 3186 875 3244 sodalibus
894 3188 959 3244 olim

378 3279 507 3336 credebat
526 3279 614 3351 libris,
632 3295 721 3349 neque
738 3281 763 3336 si
780 3282 850 3337 male
869 3287 992 3338 cesserat
1009 3295 1125 3349 usquam

380 3373 527 3430 decurrens
546 3373 600 3429 alio
617 3389 706 3442 neque
726 3373 750 3430 si
767 3374 852 3444 bene3
873 3391 927 3444 quo
945 3373 976 3430 fit
993 3379 1024 3428 ut
1043 3373 1129 3430 omnis

279 3615 304 3683 *)
322 3629 468 3683 numquam
494 3613 622 3684 perspexi
647 3615 783 3684 quomodo
808 3613 1012 3671 Lachmannum
1039 3615 1125 3668 secuti
1150 3611 1287 3681 Hauptiua
1318 3615 1347 3666 et

211 3707 243 3763 L.
252 3707 401 3764 Muellerus
409 3722 432 3762 o.
441 3707 857 3776 LXVIIIunumIndiuisumque
866 3706 1123 3776 haberapotuerInt,
1133 3705 1348 3762 cumomniacla·

209 3808 283 3856 ment
300 3801 353 3856 dno
372 3817 433 3857 esse
452 3801 572 3856 aarmIna
589 3800 670 3870 plane
690 3801 806 3856 dinersa.
841 3801 905 3856 nolo
923 3799 969 3856 hie
987 3814 1084 3856 eausas
1102 3801 1204 3855 tudens
1222 3800 1346 3868 prolatas

209 3893 324 3948 necdum
348 3893 481 3950 refutatas
507 3900 648 3964 repetere,
674 3894 728 3948 hoe
754 3894 886 3949 adiecisse
910 3903 1069 3962 contentus,
1096 3909 1156 3949 eum
1180 3899 1222 3948 ter
1241 3891 1348 3945 codices

211 3985 291 4052 quasi
309 3987 414 4042 intento
433 3986 519 4055 digito
532 3986 715 4042 demonstrent
733 3987 765 4056 ei,
783 3987 818 4041 ad
837 4002 916 4054 quern
935 3987 1203 4043 aLXVIIIbdatum
1222 3983 1266 4052 sil,
1282 3982 1350 4038 Allii

211 4075 298 4133 fuisse
316 4094 430 4148 nomen,
457 4079 538 4134 etiarn
556 4083 653 4147 quarto
675 4079 735 4134 loeo
755 4079 792 4150 [u.
811 4081 855 4151 66]
871 4079 970 4136 librum
989 4080 1107 4136 omnium
1126 4077 1256 4146 opdmum
1275 4077 1347 4130 Oxo·

210 4172 329 4226 niensem
349 4172 457 4227 ‘Allius’
481 4172 628 4242 praebere,
652 4188 707 4227 non
732 4174 804 4241 quod
822 4173 1062 4243 sangermanensis
1089 4171 1204 4238 eiusque
1225 4170 1347 4226 asseclae

209 4263 331 4332 tradunt,
349 4262 494 4320 ‘Manlius’.
