3032 5078
739 417 780 476 26

193 583 298 650 XXIII
322 589 362 648 23
385 589 495 667 aperte
525 585 690 665 legendum
719 591 768 650 est
800 588 869 648 ‘non
900 601 1046 665 umquam
1070 584 1204 665 digitum
1227 585 1331 666 inqui-

195 713 271 762 nare
293 695 431 778 posseIs'.
454 731 499 742 -
520 713 592 760 nam
622 713 715 777 quarn
739 714 833 777 saepe
854 696 991 777 priscum
1014 696 1091 760 illud
1116 696 1164 760 ‘ei'
1189 714 1209 759 a
1230 695 1329 760 libra-

195 805 252 870 riis
272 804 354 869 male
378 805 419 870 sit
434 805 585 885 habitum,
609 824 691 871 nunc
712 805 838 887 quidem
861 823 922 870 non
945 807 1118 886 ignoratur.
1142 825 1167 870 c.
1184 805 1287 870 LXIII
1313 811 1327 869 1
1376 861 1384 866 .
1472 797 1475 804 ’

196 915 362 996 legendum
391 921 440 981 est
467 914 573 998 ‘super
604 917 671 981 alta
698 922 807 982 uectus
840 916 925 980 Attis
947 916 1059 982 celerei
1083 915 1331 998 (nelere'fcodd.

199 1025 314 1092 ‘celeri’
343 1026 512 1107 scriptores
541 1027 675 1106 metrici)
705 1031 774 1091 rate
796 1026 916 1091 maria’.
941 1061 982 1072 —-
1013 1040 1037 1090 c.
1054 1025 1185 1090 LXVIII
1220 1030 1278 1090 155
1306 1029 1334 1090 V

197 1136 295 1201 tradit
320 1137 407 1200 ‘satis
429 1136 555 1217 felices',
581 1138 664 1202 uude
688 1137 794 1201 ‘scitis’
818 1136 1046 1216 restituendum
1068 1143 1135 1216 est;
1159 1135 1332 1215 itidemque

197 1245 328 1310 XXXIV
350 1249 387 1311 21
415 1247 486 1312 ‘seis
507 1247 580 1331 (scis
608 1244 649 1328 V)
679 1264 875 1328 quocumque
902 1247 960 1310 tibi
990 1246 1113 1328 placet'.
1138 1283 1178 1292 -
1202 1245 1333 1310 ethaeo

199 1356 324 1436 quidem
348 1356 515 1437 haetenus3
545 1375 617 1420 nam
650 1375 729 1450 num
754 1358 794 1420 ad
823 1359 1060 1438 grammaticum
1083 1355 1172 1420 illum
1195 1355 1331 1421 referen-

200 1467 274 1533 dum
305 1469 347 1532 sit
375 1466 518 1532 lectionis
548 1467 626 1530 illud
655 1471 826 1532 monstrum
859 1467 1035 1548 ‘guioclero'
1068 1484 1092 1530 c.
1124 1465 1224 1530 LXVI
1248 1485 1276 1530 u.
1301 1471 1330 1542 6,

200 1576 302 1643 adhue
315 1576 412 1642 ferme
425 1577 551 1657 dubit03
576 1583 623 1641 est
639 1579 791 1642 autemid
809 1583 927 1654 natum,
951 1576 1011 1641 nisi
1027 1575 1127 1652 fallor,
1152 1594 1190 1640 ex
1205 1576 1332 1657 duplice

197 1737 331 1802 lectione
362 1685 452 1802 ‘iiiito’
482 1738 624 1819 latetque
655 1740 687 1802 in
719 1738 809 1802 ‘cero’
842 1737 895 1801 illo
925 1738 1029 1818 ‘gero'‚
1059 1737 1168 1817 idest,
1196 1737 1330 1818 ‘goer0’3

200 1865 263 1930 qua
284 1847 322 1913 de
345 1848 501 1930 sumptura
524 1848 561 1913 cf.
586 1848 621 1913 L.
645 1848 816 1914 Muellerus
841 1847 963 1931 [comm.
986 1847 1085 1913 Lucil.
1108 1867 1137 1929 p.
1165 1845 1250 1932 322}

287 1957 348 2022 Sed
371 1958 420 2022 his
445 1959 563 2024 relictis
585 1959 645 2023 iam
669 1959 709 2022 ad
738 1958 955 2038 grauissimam
980 1963 1130 2037 quaeest
1153 1957 1192 2021 de
1215 1957 1333 2024 Catulli

200 2069 358 2134 codicibus
382 2069 597 2151 quaestionem
624 2087 672 2133 rue
695 2075 826 2132 uertam.
872 2087 941 2132 cum
968 2074 1071 2132 autem
1096 2069 1178 2149 quod
1202 2068 1334 2149 Hauptii

201 2185 233 2244 ct
255 2178 407 2244 Schwabii
429 2179 468 2242 de
490 2177 659 2260 archetypo
677 2177 851 2242 Ueronensi
875 2178 1139 2259 disputationibus
1161 2178 1333 2258 diligentis-

201 2290 287 2354 simis
318 2289 450 2354 adioiam
482 2307 563 2354 nunc
592 2289 717 2369 quidem
750 2308 809 2352 non
847 2288 997 2368 habeam,
1028 2289 1134 2352 statim
1174 2289 1213 2380 de
1241 2287 1334 2351 libro-

201 2417 271 2462 ruru
302 2417 374 2464 mss.
413 2399 467 2479 qui
498 2417 581 2474 nunc
610 2399 698 2464 nobis
728 2405 902 2481 suppetunt
935 2400 1038 2481 pretio
1072 2406 1167 2479 atque
1200 2397 1334 2462 auctori-

202 2514 269 2573 tate
302 2510 463 2573 disseram.
518 2511 639 2589 priores
673 2514 778 2574 autem
809 2511 945 2574 editores
974 2529 1043 2574 cum
1075 2508 1155 2574 hanc
1188 2509 1270 2574 uiam
1304 2507 1334 2570 in

201 2620 393 2684 emendando
426 2620 505 2684 libro
537 2619 714 2684 Catulliana
746 2621 873 2684 inierint
902 2625 936 2683 ut
966 2621 1033 2684 sIne
1063 2621 1127 2684 ullo
1156 2619 1334 2685 discrimine

201 2730 341 2794 codicum
357 2730 506 2794 lectiones
517 2731 609 2794 modo
626 2729 682 2794 has
694 2732 785 2794 modo
802 2730 871 2794 illas
888 2730 1071 2810 arriperent,
1089 2735 1194 2794 nostro
1209 2729 1333 2794 saeculo
1400 2747 1402 2750 ’

200 2841 319 2921 primus
342 2841 448 2904 extitit
478 2839 608 2904 Carolus
631 2839 847 2904 Lachmannus
882 2840 936 2921 qui
966 2858 1004 2903 ox
1033 2841 1152 2922 ingenti
1183 2839 1332 2904 librorum

201 2967 271 3014 uiss.
304 2950 393 3031 copia
424 2949 502 3014 duos
526 2950 656 3029 eligeret
689 2957 847 3031 tamquam
870 2951 1043 3016 tutissimos
1064 2969 1142 3031 quos
1165 2951 1197 3014 iu
1219 2949 1333 3015 cousti-

201 3060 324 3123 tuendis
347 3064 459 3141 poetae
483 3060 587 3124 uerbis
610 3065 795 3142 sequeretur
817 3060 927 3140 duces,
953 3061 1109 3124 Datanum
1134 3065 1166 3124 et
1188 3059 1333 3125 Santoni-

199 3188 301 3234 ouum.
347 3171 401 3252 qui
430 3171 502 3235 libri
531 3156 640 3251 utpote
669 3190 729 3236 uon
761 3173 862 3236 miuus
893 3189 986 3252 quam
1018 3172 1114 3235 ceteri
1137 3170 1203 3236 lere
1226 3189 1332 3235 omnes

199 3281 381 3361 interpolati
411 3281 495 3362 quod
525 3300 606 3347 nuuc
632 3282 725 3362 plane
753 3282 909 3346 obiciendi
936 3286 1025 3362 sunt,
1055 3300 1116 3346 uon
1147 3282 1206 3363 ipsi
1231 3281 1330 3348 Lach-

199 3409 311 3454 manno
333 3391 412 3455 uitio
436 3393 620 3457 uertendum
641 3399 698 3457 est.
743 3411 814 3456 nam
836 3398 908 3475 post
926 3393 993 3456 eius
1016 3391 1138 3456 demum
1162 3395 1330 3458 editionem

198 3501 295 3565 codex
318 3501 455 3564 omnium
478 3503 715 3582 antiquosImus
738 3502 1014 3584 Sangermanensls
1043 3521 1069 3566 a.
1096 3508 1176 3568 1375
1197 3504 1332 3584 scriptus

199 3611 253 3695 [de
283 3630 344 3693 quo
378 3611 415 3676 cl.
445 3609 625 3677 Schwabius
651 3612 750 3695 prael.
782 3612 894 3678 Catuli.
925 3632 954 3694 p.
988 3611 1061 3676 VIII
1091 3613 1151 3696 sp]
1182 3613 1329 3678 innotuit.

197 3720 289 3786 huius
318 3723 514 3804 potissimum
545 3723 661 3786 auxilio
691 3723 768 3787 Lud.
801 3721 980 3786 Schwabius
1012 3721 1095 3787 haud
1126 3724 1235 3804 paucis
1255 3724 1331 3788 loeis

197 3832 358 3916 archetypi
390 3832 578 3898 Ueronensis
618 3834 790 3914 scrIpturas
827 3833 923 3897 multo
961 3834 1076 3898 certius
1110 3850 1204 3913 quam
1231 3833 1330 3898 Lach-

197 3960 309 4006 manno
332 3962 389 4024 pro
406 3943 555 4008 librorum
575 3961 700 4008 suorum
718 3943 1001 4008 recentissimorum
1025 3942 1129 4008 indole
1151 3943 1240 4010 licuit
1260 3943 1331 4008 red·

197 4054 377 4134 integrauit.
423 4060 494 4135 post
519 4053 712 4120 Schwabium
737 4052 892 4118 Catullum
917 4071 985 4118 cum
1014 4053 1195 4134 plenissima
1224 4055 1330 4119 lectio-

198 4164 246 4230 nis
274 4165 430 4229 uarietate
461 4165 560 4230 edidit
589 4165 625 4228 R.
656 4164 785 4229 Ellisius
812 4164 941 4248 Anglus
987 4165 1041 4245 qui
1076 4171 1110 4230 ut
1133 4164 1212 4230 alios
1234 4165 1330 4230 libros
