3032 5078
740 407 847 486 rr¹

193 575 242 636 eet
267 572 390 636 ‘niseus'
414 574 465 639 uel
490 573 647 652 ‘cernens’‚
671 573 754 654 quod
785 570 977 641 felicioribus
1000 572 1212 652 indagandum
1233 571 1326 638 relin-

194 698 265 762 quo.
286 743 288 746 .
311 683 366 748 sed
398 701 499 766 neque
533 684 629 748 uerba
660 684 823 766 sequentia
853 687 894 750 ‘te
915 683 969 749 'sic
998 684 1065 765 ipse
1094 680 1327 764 flagitabam'a

195 793 397 873 corruptione
420 799 493 859 sunt
515 794 674 859 immunia.
714 811 785 859 nam
807 811 958 876 perquam
983 792 1152 860 absurdum
1178 797 1227 858 est
1247 792 1326 857 illud

195 895 290 984 ‘ipse'.
336 906 426 985 quasi
458 922 533 968 uero
559 922 609 968 res
637 921 751 985 magna
780 905 837 984 sit,
873 903 1029 969 Catullum
1053 903 1259 984 ipsissimum,
1293 908 1328 966 ut

194 1012 293 1077 uerbo
315 1012 463 1078 Plautino
485 1018 566 1093 utar,
591 1032 652 1078 nou
670 1032 727 1096 per
749 1031 874 1078 seruum
897 1014 1046 1097 aliquem,
1068 1011 1209 1077 femellas
1230 1013 1326 1076 inter-

192 1140 330 1206 rogasse.
380 1123 527 1209 equidem
561 1124 622 1187 iam
651 1124 781 1204 antiquo
816 1127 957 1206 tempure
993 1123 1157 1189 librarium
1191 1121 1327 1202 aliquem

191 1209 278 1295 iDE
302 1238 339 1297 et
357 1211 439 1298 ll3l3
460 1239 666 1300 commutasse
688 1251 808 1299 censeo.
853 1234 991 1315 legamus
1021 1250 1095 1312 ergo
1128 1235 1168 1296 ‘te
1189 1233 1233 1298 sic
1253 1231 1326 1296 inda
1401 1317 1404 1322 Ι

192 1337 431 1426 flagitabam’*).

280 1432 383 1516 amn
408 1457 518 1544 resq:

415 1578 532 1634 hilarate
550 1593 613 1634 erae
632 1579 722 1634 citatis
741 1577 881 1632 erroribus
899 1577 1031 1646 animum

415 1687 492 1727 mora
509 1672 588 1728 tarda
606 1677 695 1727 mente
713 1670 806 1740 cedat;
825 1669 904 1724 simul
922 1671 968 1740 ite,
988 1671 1136 1740 sequimini.

195 1783 328 1867 Cybeles
347 1785 484 1850 animum
508 1785 662 1866 quomodo
685 1781 783 1846 laturi
811 1782 880 1846 eius
909 1784 1087 1848 sacerdotes
1110 1783 1246 1848 hilarare
1267 1802 1323 1864 po-

191 1895 311 1960 tuerint
338 1912 375 1959 eo
406 1894 490 1975 quod
512 1896 613 1976 gradu
635 1894 732 1960 citato
754 1893 795 1957 ad
819 1910 887 1957 eam
909 1893 1110 1972 currebant‚·
1127 1891 1253 1958 difficile
1276 1898 1325 1958 est

192 2003 289 2069 dictu.
331 2005 425 2068 immo
455 2003 544 2068 Attin
574 2010 610 2068 nt
645 2022 678 2069 se
709 2005 793 2085 ipsos
832 2001 967 2067 hilarent
996 2004 1096 2068 socios
1123 2005 1322 2069 admonuisse

191 2114 305 2179 docent
326 2131 363 2177 ea
384 2129 465 2194 quae
487 2119 634 2179 secuntur
649 2114 748 2179 uerba
772 2115 869 2178 ‘mora
889 2111 981 2178 tarda
996 2118 1100 2178 mente
1120 2113 1229 2180 cedat’.
1261 2119 1324 2178 tra-

191 2222 271 2287 dunt
307 2228 412 2288 autem
449 2225 480 2288 0
512 2224 700 2302 ‘crocitatis'‚
732 2224 764 2286 G
796 2223 890 2305 paulo
924 2223 1102 2304 corruptius
1139 2224 1349 2312 ‘crocitatist-

191 2333 375 2415 simpliciter
395 2333 467 2399 hinc
487 2333 717 2399 emendandum
740 2341 816 2415 puto
839 2333 994 2413 hilarate,
1018 2334 1057 2414 io,
1081 2333 1185 2398 citatis
1207 2334 1322 2398 errori-

190 2442 247 2508 bus
278 2441 433 2507 animum'.
479 2461 550 2510 narn
579 2445 611 2509 in
640 2443 699 2514 ,illo
731 2443 909 2510 ‘cruditatis’
940 2442 1080 2508 litterula
1111 2443 1147 2508 ‘e'
1177 2462 1214 2509 ex
1242 2461 1318 2510 none

188 2553 386 2618 antecedenti
411 2553 564 2620 ‘hilarate’
583 2571 682 2635 praue
701 2553 838 2634 repetita
860 2559 915 2619 est.

275 2664 349 2729 ibid.
372 2667 428 2728 30:

325 2781 476 2838 furibunda
493 2780 573 2837 simul
590 2779 720 2836 anhelans
739 2795 812 2851 uaga
828 2781 903 2837 uadit
920 2783 1036 2839 animum
1053 2797 1146 2851 agens.

188 2887 306 2952 hahent
333 2889 364 2952 0
385 2887 594 2970 ‘animagens’,
621 2887 651 2950 G
673 2887 786 2952 ‘anima
801 2887 895 2968 gens’.
940 2888 1032 2969 unde,
1056 2905 1126 2952 eum
1150 2887 1188 2952 ‘a’
1210 2893 1242 2952 et
1259 2888 1318 2958 .‘ee'

188 2999 399 3080 inscriptura
422 2997 645 3080 langobardica
671 2999 725 3062 uix
753 2999 875 3079 possint
897 2998 1033 3080 dinosci,
1067 2998 1179 3063 ‘anime
1205 2999 1310 3080 egens'

117 3141 123 3150 ·
189 3107 223 3173 id
248 3113 304 3188 est,
328 3108 461 3173 ‘animae
483 3107 596 3189 egans’,
620 3109 836 3190 corrigendum
859 3113 916 3175 est.

275 3217 375 3282 LXIV
398 3219 532 3299 l2sqq.:

412 3340 481 3394 quae
499 3325 579 3380 simul
596 3339 629 3381 ac
646 3333 736 3382 rostro
754 3330 897 3381 nentosum
913 3325 1045 3396 proscidit
1058 3341 1160 3395 aequor

412 3423 539 3486 tortaque
556 3418 670 3488 remigio
689 3419 792 3488 spumis
810 3418 951 3474 incanduit
968 3420 1050 3487 unda,

416 3526 550 3566 emersere
566 3510 631 3567 irati
649 3511 758 3568 canenti
777 3527 791 3566 e
810 3512 918 3580 gurgite
936 3511 1027 3566 uultus

411 3619 565 3672 aequoreae
582 3603 732 3660 monstrum
750 3603 883 3660 Nereides
902 3605 1076 3660 admirantes.

412 3703 495 3766 atque
513 3698 570 3752 illic
588 3698 661 3753 alma
677 3696 806 3752 uiderunt
822 3699 883 3752 luce
900 3697 1019 3752 marinas

410 3790 542 3845 mortales
560 3791 752 3846 oculitnudato
771 3805 886 3860 corpore
904 3791 1045 3860 Nymphas

410 3883 544 3937 nutricum
562 3891 642 3939 tenus
659 3887 785 3940 extantes
803 3897 818 3938 e
835 3885 942 3952 gurgite
961 3897 1038 3940 cano.

259 4037 285 4104 *)
302 4039 331 4091 in
349 4036 404 4092 fine
423 4037 503 4092 huius
523 4037 651 4093 carminis
678 4054 711 4092 ex
732 4037 787 4092 (ἕο
804 4037 1003 4093 restituendum
1022 4043 1064 4092 est
1081 4037 1152 4091 ‘dum
1170 4039 1259 4092 uestri
1279 4039 1322 4108 (:

190 4129 240 4199 tui)
258 4130 296 4186 sis
315 4131 453 4200 particeps
465 4130 581 4185 amoris’,
617 4145 671 4199 qna
686 4131 807 4189 clausula
824 4135 907 4199 poeta
919 4130 1081 4186 beneuolum
1093 4131 1121 4184 in
1138 4132 1251 4186 amicum
1269 4133 1325 4188 aui·

190 4237 264 4278 mum
281 4225 383 4292 optime
401 4223 543 4293 expressit.
