3032 5078
716 1356 770 1420 lll.

406 1504 407 1508 ’
474 1498 755 1565 Emendationes
780 1497 1015 1565 Catullianae.

268 1674 303 1738 ln
326 1671 526 1753 detergendis
548 1671 660 1753 quibus
683 1669 798 1735 Catulli
820 1670 943 1737 libellus
963 1671 1162 1739 librariorum
1185 1673 1306 1737 incuria

181 1784 374 1852 deformatus
405 1786 454 1847 est
484 1781 612 1846 maculis
643 1798 830 1864 quamquam
864 1783 1020 1862 egregiam
1052 1800 1179 1864 operam
1201 1801 1312 1863 posue-

182 1900 257 1959 runt
287 1911 356 1959 cum
387 1891 503 1957 saeculi
525 1890 582 1955 XV
605 1890 678 1956 Itali
707 1892 821 1973 quique
849 1891 995 1974 deinceps
1017 1890 1190 1958 floruerunt
1212 1891 1312 1974 philo-

181 2005 242 2086 logi
252 2043 267 2084 ,·
289 2009 355 2069 tum
386 2008 495 2067 nostra
525 2007 629 2067 aetate
651 2000 867 2066 Lachmannus
890 2002 1047 2084 Hauptius
1073 2004 1108 2068 L.
1141 2003 1312 2068 Muellerus

181 2115 244 2194 alii,
268 2115 400 2178 multum
424 2119 528 2178 tamen
551 2112 641 2177 abest
663 2118 698 2177 ut
718 2113 882 2192 genuinam
907 2112 960 2178 ille
982 2114 1136 2195 receperit
1164 2113 1310 2194 formam,

180 2226 275 2290 immo
298 2224 476 2306 aenigmata
498 2223 581 2287 haud
599 2241 699 2304 pauca
721 2241 812 2288 suum
829 2223 931 2288 adhuc
945 2225 1126 2290 desiderant
1147 2223 1311 2305 Oedipum.

181 2335 292 2416 quibus
315 2334 475 2420 soluendis
495 2351 568 2397 num
591 2351 672 2414 quae
694 2333 745 2398 hie
766 2333 825 2398 tibi
848 2333 1021 2400 offeruntur
1045 2332 1248 2413 satisfaciant,
1274 2333 1314 2397 de
1425 2365 1426 2368 π

182 2445 241 2511 hac
271 2463 306 2509 re
332 2449 438 2525 tuum,
468 2444 567 2524 lector
595 2444 740 2524 candide,
771 2450 900 2525 expecto
932 2445 1089 2510 iudicium.
1135 2444 1193 2508 hoe
1217 2461 1312 2507 unum
1367 2461 1374 2470 ·

183 2555 265 2621 addo
289 2573 351 2619 non
366 2555 539 2621 subitarum
559 2555 806 2619 coniecturarum
828 2555 951 2632 nubem,
976 2555 1030 2620 sed
1047 2554 1198 2619 meditata
1215 2553 1313 2617 multo

182 2685 220 2731 cx
243 2665 383 2746 ternpore
403 2682 560 2746 saepeque
582 2669 754 2729 retractata
775 2682 825 2728 me
846 2681 998 2745 promere.

265 2776 281 2839 Ι
303 2779 395 2856 8sq.:

402 2913 485 2967 quare
502 2898 573 2952 habe
591 2899 641 2954 tibi
661 2899 793 2968 quidquid
810 2900 864 2955 hoc
883 2899 977 2968 libelli,

291 3011 295 3017 ·
401 2991 606 3059 qualecumque.

182 3103 389 3168 intolerabilis
412 3109 444 3167 et
468 3121 487 3167 a
508 3103 708 3185 simplicitate
730 3105 795 3169 stili
819 3104 987 3172 Catulliani
1011 3123 1103 3186 quam
1122 3105 1312 3170 alienissima

181 3217 229 3277 est
250 3212 312 3276 ista
332 3215 532 3302 exaggeratio
555 3214 723 3279 uerborum
746 3214 837 3296 plane
853 3217 936 3281 idem
953 3216 1122 3281 dicentium
1145 3213 1312 3296 ‘quicquid’

180 3329 211 3387 et
237 3323 491 3404 qualecumque.
537 3323 631 3387 altius
661 3323 710 3388 hic
738 3324 816 3389 latet
846 3326 968 3390 uulnus,
1014 3343 1085 3389 nam
1114 3326 1247 3406 primum
1286 3321 1314 3386 V

182 3482 250 3547 ‘tibi
271 3482 362 3548 hebe’
379 3482 517 3564 praebet,
542 3484 655 3548 deinde
673 3482 701 3545 G
719 3432 844 3548 ‘libelii
890 3504 983 3567 quam
1006 3487 1125 3550 uariam
1147 3485 1312 3550 lectionem

180 3598 253 3674 post
275 3611 312 3657 ea
334 3611 415 3674 quae
436 3611 532 3674 supra
554 3613 583 3675 p.
611 3597 703 3674 38sq.
734 3596 862 3676 exposui
885 3596 947 3660 iam
970 3614 1031 3661 non
1055 3614 1123 3676 cum
1152 3593 1312 3660 Schwabio
1400 3629 1407 3638 ·

184 3703 297 3786 [praei.
320 3723 350 3786 p.
362 3701 448 3785 XXI]
471 3721 528 3783 pro
543 3704 646 3782 glossa
667 3703 859 3784 habebimus,
881 3707 913 3770 id
932 3707 1015 3788 quod
1039 3710 1069 3770 et
1092 3723 1150 3788 per
1172 3723 1205 3768 sc
1221 3721 1313 3784 quam

184 3815 318 3879 maxime
340 3817 388 3877 est
409 3813 601 3878 incredibile.
647 3832 708 3878 non
731 3816 808 3877 satis
829 3813 901 3896 fide,
925 3822 1068 3898 utputo,
1093 3814 1241 3880 librarius
1264 3831 1313 3877 co-

182 3925 259 3989 dicis
284 3924 313 3987 G
335 3923 474 3988 reddidit
496 3922 576 3986 hanc
606 3924 638 3987 in
668 3920 696 3984 V
719 3924 905 4005 scripturam
933 3926 1001 3992 ‘tibi
1024 3926 1173 4008 quicquid
1195 3925 1254 3990 hoc
1276 3925 1313 3988 li-

180 4034 255 4099 belli
278 4033 317 4098 al.
349 4033 430 4112 mei,
464 4051 531 4097 eum
562 4051 623 4096 non
653 4034 776 4099 uideret
803 4034 881 4099 illud
913 4036 961 4098 ‘al
986 4034 1056 4100 mei’
1085 4036 1243 4118 pertinere
1273 4035 1312 4100 ad

183 4143 360 4226 quicquid.
406 4143 468 4207 iam
493 4143 587 4207 talem
620 4145 806 4225 scripturam
838 4144 1020 4226 reciperatis
1049 4145 1139 4210 nobis
1161 4147 1234 4212 ‘mei
1255 4146 1314 4210 hoc

187 4253 293 4319 libelli⁷
325 4253 365 4318 ad
396 4250 615 4335 perficiendam
645 4271 754 4319 uersus
786 4256 1037 4336 deprauatissimi
1067 4257 1313 4322 emendationem
