3032 5078
769 424 809 484 58

376 635 452 685 estne
470 632 549 686 nouis
566 632 657 701 nuptis
676 631 738 688 odio
756 631 871 687 Uenus?
889 649 959 688 anne
975 641 1106 702 posteritas

440 719 607 780 frustrantur
622 724 701 780 falsis
720 725 819 794 gandia
835 725 1003 780 lacrimulis?

221 839 279 904 boc
302 840 384 904 enirn
408 823 518 906 molins
543 838 668 904 uidetur
690 858 784 921 quarn
809 839 1011 922 ‘pauentum'.

306 951 382 1015 ibid.
406 970 435 1015 u.
460 953 501 1014 42
511 967 577 1031 sqq.

442 1082 492 1154 sed
507 1082 553 1150 qui
571 1097 600 1136 se
620 1081 692 1138 tarro
710 1084 832 1152 postulet
849 1098 908 1138 csse
926 1081 1040 1152 parem?

374 1177 420 1231 ille
439 1192 547 1246 quoqne
566 1191 678 1231 auersus
696 1191 774 1230 mons
793 1183 843 1245 est,
864 1193 943 1244 quem
960 1176 1104 1231 maximum
1119 1177 1150 1231 in
1167 1178 1225 1232 oris

442 1270 587 1339 progenies
605 1269 690 1323 Thiae
710 1268 785 1324 clara
803 1270 1002 1338 superuchitur.

222 1390 303 1454 male
332 1407 366 1455 se
396 1389 491 1455 habet
521 1390 599 1455 illud
639 1387 702 1452 ‘illc
739 1407 862 1469 quoque
890 1407 1018 1454 auersus
1052 1409 1140 1454 mons
1172 1392 1238 1456 est’.
1284 1410 1354 1457 nam

223 1501 370 1566 omIssnm
394 1501 494 1565 estid
517 1499 712 1578 uocabulum,
735 1498 802 1562 sine
823 1516 885 1579 quo
907 1503 1006 1564 totum
1031 1500 1204 1583 exemplum
1228 1503 1353 1568 omnino

222 1630 282 1676 non
303 1616 384 1689 stat,
412 1603 490 1706 pu'ta
513 1609 597 1674 farri.
643 1609 726 1689 quod
749 1609 847 1689 siquis
873 1607 963 1675 lacile
988 1629 1005 1675 c
1033 1629 1127 1676 itcrsu
1155 1613 1352 1688 antecedenti

218 1725 322 1785 mente
344 1720 482 1803 suppleri
506 1721 599 1799 dicat,
624 1737 681 1800 ego
703 1719 776 1784 boni
799 1738 867 1785 esse
889 1727 1001 1802 poetae
1024 1740 1113 1802 nego,
1137 1723 1182 1785 ita
1205 1709 1350 1804 ambigue

220 1832 305 1912 loqui
328 1835 363 1894 ut
386 1831 589 1911 principalem
613 1830 836 1894 enuntiationis
859 1831 991 1896 alicuius
1006 1832 1163 1896 notionem
1187 1834 1353 1899 lectoribus

219 1942 379 2023 relinquat
410 1958 447 2004 ex
470 1942 648 2006 coniectura
672 1940 856 2004 addendam.
902 1960 973 2006 uam
1003 1944 1083 2006 uarii
1113 1943 1226 2023 quibus
1255 1944 1354 2008 Athos

219 2071 307 2116 ιιιοιιι
328 2069 456 2115 auersus
478 2051 520 2114 sit
551 2051 634 2114 modi
655 2051 825 2130 excogitari
855 2058 994 2133 possunt.
1039 2053 1147 2133 itaque
1176 2072 1245 2118 oum
1268 2054 1351 2120 ferro

219 2163 414 2244 potissimum
438 2177 508 2225 eum
530 2159 728 2226 succubuisse
759 2161 863 2225 dicere
885 2163 962 2226 uelit
985 2161 1127 2227 Catullus
1151 2161 1228 2227 ferri
1251 2149 1351 2229 notio-

218 2290 289 2338 nem
313 2273 416 2336 omino
441 2273 695 2354 praetermittere
716 2289 776 2335 non
800 2273 925 2352 potuit.¹
959 2273 1045 2352 lego:

439 2404 526 2458 quoae
543 2389 591 2442 iila
609 2403 722 2444 enersns
740 2405 817 2444 mons
836 2397 880 2445 est
897 2407 955 2459 eqs.

159 2469 167 2482 ⁵
218 2497 272 2562 ubl
296 2497 417 2576 ‘quone’
440 2497 472 2560 ln
496 2493 639 2578 ‘quoquc'
662 2502 843 2578 corruptum
865 2501 928 2576 cst,
962 2496 1142 2562 notularum
1166 2498 1352 2562 traiectione

218 2612 317 2671 metro
345 2606 534 2672 claudicanti
561 2607 774 2688 consulebant.
799 2607 957 2689 -ualde
988 2612 1094 2671 autem
1124 2608 1200 2672 illud
1226 2607 1348 2688 ‘quine’‚

218 2718 301 2798 quod
321 2724 461 2798 proxime
483 2717 603 2782 accedit
626 2718 666 2781 ad
688 2718 841 2782 lormulae
855 2718 990 2799 ,‘quippe
1013 2718 1076 2798 qui’
1093 2717 1349 2811 significationem

219 2829 270 2912 [cl.
296 2826 332 2892 G.
357 2827 554 2892 Hermannus
584 2828 615 2893 in
645 2827 753 2892 Jabnii
777 2828 940 2893 annalibus
966 2833 1044 2892 1841
1070 2847 1099 2909 p.
1122 2828 1198 2912 246]
1223 2829 1351 2894 adama-

218 2939 267 3004 uit
288 2937 446 3019 Catullum
469 2937 506 3002 cf.
531 2957 555 3003 c.
579 2937 678 3004 LXIV
705 2942 783 3018 1803
810 2942 878 3002 183.
925 2937 1057 3002 LXVIII
1080 2944 1130 3002 91.

304 3048 344 3112 ib
370 3053 419 3112 ts.

373 3199 402 3252 bi
419 3196 457 3252 dii
476 3214 529 3253 nen
546 3199 585 3252 ibi
603 3199 680 3254 uario
699 3215 734 3270 ne
753 3199 865 3254 solum
857 3216 884 3253 ιιι
903 3199 1004 3256 lumino
1022 3201 1090 3256 caeli

439 3307 473 3348 ex
489 3292 636 3349 Ariadneis
656 3309 739 3348 aurea
757 3293 924 3361 temporibus

372 3385 427 3440 fixa
445 3402 548 3442 corona
564 3386 642 3454 foret,
662 3386 710 3440 sed
727 3401 778 3442 nos
797 3402 906 3455 quoque
924 3385 1097 3456 fulgeremus,

440 3479 554 3535 deuotae
571 3478 637 3534 flaui
655 3479 765 3535 uerticis
784 3483 910 3536 exuuiae:

373 3572 509 3628 uuidulam
527 3589 544 3626 a
560 3571 644 3627 fluctu
662 3574 802 3630 cedentem
820 3574 856 3628 ad
873 3575 975 3644 templa
996 3574 1074 3628 deum
1096 3591 1139 3629 mc

439 3667 540 3722 sidus'
533 3683 562 3720 ιιι
581 3666 700 3734 antiquis
721 3666 785 3722 diua
802 3683 903 3723 nouom
920 3669 1019 3736 posuit.

217 3805 350 3887 excripsi
374 3823 499 3870 uersum
525 3810 564 3870 59
588 3806 712 3887 qualem
742 3806 1041 3871 exbibentcodiccs.
1088 3809 1291 3886 dissectam,
1317 3813 1352 3871 ut

218 3915 315 3994 aiunt,
340 3907 544 3996 medullabit,
575 3917 601 3980 si
624 3923 735 3982 cuncta
757 3918 896 3981 uirorum
919 3917 1081 3984 doctorum
1104 3919 1144 3984 ad
1159 3918 1352 4000 expedienda

218 4025 315 4090 uerba
337 4027 598 4107 deprauatissima
631 4027 725 4092 uelim
757 4045 941 4093 enumcrare
964 4035 997 4094 et
1019 4049 1054 4093 re
1055 4029 1159 4094 lutare
1180 4029 1351 4094 conamina.

218 4154 289 4200 nam
312 4155 351 4200 ne
369 4155 406 4201 ea
432 4137 557 4217 quidem
581 4154 661 4219 qnae
680 4138 771 4204 sola'
763 4157 795 4202 ιιι
817 4155 941 4204 censum
966 4142 1105 4221 ueniunt
1083 4140 1244 4205 tscillcet
1269 4139 1355 4204 Hau·
