3032 5078
712 493 752 551 49

288 677 291 688 ·
386 671 520 712 emersere
545 656 603 710 Iero
626 655 767 712 candentis
784 656 891 724 gurgite
911 657 1010 711 vultus.
1069 721 1074 730 .

164 772 310 851 adquae
346 770 443 835 uerba
473 789 509 836 ea
539 788 620 852 quac
653 757 801 836 secuntur
831 769 1016 851 ‘aequoreae
1041 769 1215 852 Nymphae’
1246 787 1304 850 per

167 881 400 962 appositionem
423 879 586 945 accedunt.
611 917 651 942 -,-
677 882 730 949 ubi
753 886 859 945 autem
885 880 1067 946 ‘candentis’
1091 881 1121 944 in
1147 881 1303 945 ‘candenti

165 992 193 1055 e’
217 996 399 1072 corruptum
423 995 486 1070 est,
513 989 598 1055 ‘fero'
624 991 663 1055 ab
686 1009 722 1056 eo
747 995 901 1056 mutatum
924 996 972 1055 cst
995 991 1049 1071 qui
1072 990 1215 1071 ‘gurgite'
1239 1009 1301 1054 non

164 1101 284 1182 duplici
306 1100 460 1165 attributo
476 1102 589 1165 instrui
604 1119 697 1184 posse
712 1101 918 1180 intellegeret.
963 1106 1100 1165 ceterum
1118 1101 1172 1165 illa
1195 1105 1303 1166 ‘emer-

163 1229 233 1276 sere
258 1210 326 1275 fero
348 1211 483 1292 gurgite’
513 1210 736 1276 confirmantur
766 1212 811 1276 eis
840 1199 920 1292 qirae
943 1211 1002 1275 loci
1035 1210 1219 1276 Cattnlliani
1241 1230 1302 1276 non

51 1325 55 1333 ‘
161 1321 325 1385 immemor
348 1328 457 1386 auctor·
488 1321 634 1386 Dirarurn
657 1322 783 1404 scripsit
814 1321 857 1404 [u.
885 1320 938 1404 57]
971 1324 1048 1387 ‘cum
1073 1322 1177 1386 subito
1201 1340 1299 1386 emer-

162 1449 233 1496 sere
257 1431 374 1496 furenti
393 1449 525 1513 corpora
549 1432 665 1513 ponto’.
712 1451 806 1515 quam
825 1437 898 1514 apte
921 1437 1025 1496 autem
1043 1430 1195 1513 Nymphis
1220 1434 1301 1496 ‘can-
1325 1503 1330 1512 ¹

165 1543 276 1606 dentes
316 1542 430 1606 uultus’
463 1542 578 1607 dentur
608 1542 700 1608 facile
728 1543 925 1624 perspicitur.
959 1577 1003 1588 -
1032 1541 1213 1607 ‘candentis’
1244 1560 1301 1624 pro

163 1652 355 1718 ‘candentes'
380 1653 515 1744 posItum
539 1658 601 1734 est,
638 1657 673 1716 ut
702 1652 799 1717 babes
826 1654 927 1735 primo
961 1671 1035 1719 casu
1064 1649 1152 1716 LXII
1173 1656 1208 1715 11
1237 1654 1300 1716 ‘ee-

168 1763 298 1843 quaIIs’,
325 1761 425 1827 LXIV
449 1767 510 1826 276
544 1763 734 1845 ‘linquentis
766 1763 819 1828 ubi
841 1764 933 1845 plura
963 1763 1113 1828 clusmodi
1137 1763 1170 1826 in
1193 1763 1298 1827 adnot.

161 1873 230 1959 crit.
247 1872 402 1966 congessit
418 1873 606 1938 Schwabius.
630 1911 671 1920 -
692 1891 801 1938 uersus
820 1879 858 1937 16
883 1874 1006 1938 initium
1030 1874 1197 1938 multorum
1223 1877 1300 1938 tem-

160 1989 285 2064 ptatum
303 1992 348 2048 est
365 1983 560 2064 coniecturis
578 2001 655 2064 quas
673 1989 782 2066 utpote
797 1985 828 2048 in
844 1989 964 2050 mutata
980 1982 1174 2049 fundamenti
1198 1985 1297 2050 critici

160 2093 342 2174 condiclone
358 2094 483 2158 silentio
498 2112 660 2176 possumus
676 2096 851 2175 praeterire
865 2114 980 2160 omnes.
1026 2095 1178 2178 praebent
1194 2100 1298 2160 autem

164 2203 195 2267 G
219 2203 283 2269 ‘illa
305 2209 401 2285 atquc
424 2203 506 2284 alia'‚
534 2205 563 2268 0
586 2204 652 2269 ‘ille
674 2205 756 2269 alie’.
801 2208 956 2287 quomodo
979 2225 1035 2271 nos
1051 2204 1132 2269 banc
1154 2205 1296 2271 lectionis

163 2366 381 2430 diuersitatem
405 2365 704 2448 interpretabimur?
736 2365 789 2445 lta,
812 2371 898 2447 puto,
922 2367 1009 2431 utin
1043 2365 1070 2432 V
1091 2314 1296 2447 ‘atquefflblia’

141 2458 312 2557 ¹scriptum
328 2475 424 2541 fuisse
443 2478 591 2542 dicamus.
637 2494 748 2540 censeo
771 2483 876 2541 antem
895 2476 968 2541 ‘illa’
993 2494 1099 2541 uocem
1119 2476 1291 2541 nibilaliud

160 2605 229 2651 esse
253 2604 347 2667 quam
370 2589 593 2663 correctionem
624 2586 754 2651 alterius
787 2587 886 2668 ‘alia’;
919 2586 976 2651 bas
1000 2587 1082 2651 enirn
1118 2605 1211 2653 uoces
1231 2605 1300 2652 sex·

160 2697 278 2762 centIes
300 2698 332 2760 in
354 2697 512 2762 codicibus
536 2696 680 2762 confusas
703 2715 771 2762 esse
793 2700 900 2761 notum
924 2702 980 2762 est.
1026 2697 1087 2762 iarn
1105 2699 1168 2762 tale
1188 2716 1299 2762 uersus

163 2813 201 2872 16
225 2808 349 2873 initium
381 2810 485 2888 ‘atque
508 2807 572 2872 illa’
601 2808 783 2890 reciperatis
813 2807 902 2872 nobis
924 2809 964 2873 ad
995 2807 1216 2890 perficiendam
1238 2809 1299 2874 Ioci

160 2919 408 2983 emendationem
431 2919 691 2983 reminiscendum
715 2924 778 2998 est,
818 2921 844 2982 V
864 2937 926 2984 non
951 2919 1133 2997 uiderunt,
1164 2919 1218 2983 sed
1243 2919 1299 2982 ‘ui-

159 3027 243 3094 dere’
267 3028 423 3092 exhibere.
469 3028 542 3093 binc
570 3030 746 3093 necessario
770 3047 807 3092 eo
837 3029 979 3094 ducimur
1002 3035 1038 3095 ut
1062 3032 1144 3094 inter
1169 3030 1297 3094 ‘uidere’

161 3144 192 3202 et
217 3137 303 3203 ‘Ince’
327 3139 469 3203 coculam
492 3139 630 3220 aliquam
653 3139 849 3204 Intercidisse
873 3146 1057 3204 statuamus.
1103 3141 1204 3220 dedit,
1238 3141 1298 3204 nisi

163 3248 266 3328 fallor,
290 3247 433 3318 Catullus

380 3407 463 3469 atque
480 3399 529 3454 illa
546 3399 642 3453 uidere
661 3366 739 3453 becio
756 3399 817 3454 luce
837 3401 965 3483 mannas.

165 3485 168 3490 “
246 3523 321 3589 iuro.
344 3542 374 3587 u.
399 3526 543 3586 22-24.
591 3617 594 3622 Ι

294 3697 297 3704 .
381 3671 397 3710 o
415 3655 493 3709 nimis
513 3659 608 3724 optato
628 3653 779 3710 saeclorum
798 3659 921 3722 tempore
938 3657 997 3710 nati

381 3748 489 3817 heroes,
508 3749 620 3816 saluete,
639 3749 717 3803 deum
736 3761 829 3814 genus,
847 3763 863 3802 0
882 3748 954 3803 bona
971 3743 1086 3804 m'atrum

379 3841 533 3910 progemes,
554 3842 659 3896 saluete
677 3841 783 3895 iterum.
802 3879 808 3893 .
825 3881 832 3894 .
852 3880 858 3893 .

160 4004 286 4050 uersum
317 3990 358 4050 24
392 3987 566 4068 ‘progemes
597 3987 718 4050 salbete
756 3984 879 4051 iterum’
919 3985 949 4048 in
980 3983 1010 4050 V
1034 3967 1158 4052 librarii
1191 4004 1298 4050 errore

159 4098 306 4162 omissum
340 4097 482 4162 seruauit
514 4095 681 4162 scholiasta
704 4095 894 4162 Ueronensis
917 4097 955 4159 ad
986 4095 1080 4178 Uerg.
1106 4098 1182 4161 Aen.
1207 4097 1233 4160 V
1256 4101 1297 4162 80

159 4207 203 4292 [p.
228 4211 279 4290 94,
303 4214 340 4273 11
367 4209 414 4274 ed.
430 4206 525 4290 Keil],
546 4212 582 4270 ut
603 4212 706 4274 tamen
733 4207 844 4272 ultima
867 4225 976 4273 uersus
997 4226 1071 4290 pers
1093 4225 1175 4274 nunc
1197 4209 1298 4290 perie-

1030 4318 1048 4370 4
