3032 5078
760 423 800 484 62

380 604 431 657 per
448 590 546 657 pectus
565 595 659 643 menet
675 589 779 644 settim
795 591 885 659 polide
903 587 970 642 mihi
988 589 1083 644 sudor:

434 682 474 736 sic
492 682 602 751 tacitus,
620 682 734 738 rubidus
754 682 817 736 dum
834 682 931 750 pudeo,
950 698 1043 750 pereo.

216 829 310 874 uersu
334 812 416 876 enim
440 812 540 877 altero
562 811 644 894 quod
668 811 810 893 plerique
832 810 941 892 legunt
966 812 1073 877 ‘uerba
1095 812 1192 877 labris
1212 813 1347 893 abeunt,

213 920 245 984 id
266 921 360 1002 plane
381 921 518 988 alienum
539 927 602 986 est·
619 921 658 986 ab
682 922 809 986 Aeditui
831 929 951 1002 mente,
976 941 1046 987 cum
1068 923 1114 986 nil
1134 923 1194 986 nisi
1219 923 1347 1005 ‘loquor’

213 1029 386 1113 significet;
410 1031 449 1096 cf.
473 1031 615 1098 Catullus
638 1031 754 1115 [LXIII
773 1031 827 1115 14]
851 1033 959 1097 ‘roseis
981 1038 1016 1096 ut
1037 1032 1110 1097 huic
1123 1032 1246 1098 labellis
1266 1035 1348 1098 suui-

212 1148 263 1207 tus
286 1143 366 1207 eitus
386 1142 484 1207 abiit'.
530 1143 684 1207 Aedituus
702 1161 778 1207 uero
794 1159 871 1224 prae
886 1142 1006 1223 pudore
1028 1159 1062 1206 se
1074 1142 1160 1223 loqui
1176 1162 1236 1207 non
1258 1161 1348 1225 posse

213 1253 325 1318 innuit.
371 1254 479 1336 itaque
500 1271 558 1335 pro
584 1252 719 1318 ‘abeunt'
732 1253 958 1318 restituendum
977 1258 1046 1316 erat
1063 1253 1208 1317 ‘obeunt’.
1255 1272 1347 1318 uersu

213 1364 308 1428 tertio
339 1365 422 1444 quud
453 1365 541 1430 codd.
580 1364 734 1446 praebent
766 1367 882 1428 ‘manet
917 1363 1028 1428 subido
1062 1363 1147 1428 mihi'
1179 1369 1347 1446 utcumque

212 1474 359 1556 supplere
380 1475 505 1555 studui;
528 1474 639 1540 ultimo
653 1475 789 1556 denique
805 1474 908 1555 recepi
925 1474 1130 1538 certissimam
1153 1474 1192 1538 H.
1214 1473 1346 1540 Useneri

214 1583 305 1667 [mus.
329 1585 427 1650 Rhen.
451 1583 525 1648 XIX
546 1604 576 1666 p.
603 1584 678 1668 151]
702 1585 951 1650 emendationem
983 1586 1067 1649 ‘dum
1089 1583 1218 1666 pudeo':
1248 1586 1347 1650 trudi·

212 1699 279 1759 tum
303 1699 351 1759 est
374 1695 553 1777 ‘duplide0’.

299 1804 375 1868 ibid.
402 1809 535 1885 136sq.:

431 1947 496 1986 rure
513 1931 683 1986 uerecundae
702 1929 776 1986 furtu
794 1929 911 1987 feremus
928 1945 1001 2001 eree,
1063 1931 1073 1949 ⁸

375 2041 409 2078 ne
427 2024 538 2078 nimium
557 2025 639 2079 simus
658 2023 801 2079 stultorum
819 2039 894 2080 more
912 2025 1030 2080 molesti.

217 2139 296 2220 quir,
319 2138 351 2202 di
373 2137 465 2216 boni,
488 2155 633 2219 umquam
658 2117 760 2201 lende
775 2138 827 2201 uel
849 2138 983 2220 legendo
1007 2139 1131 2204 audiuit
1154 2139 1268 2204 stultos
1290 2139 1346 2204 ho-

211 2251 310 2314 mines
340 2249 423 2314 hunc
452 2248 569 2313 hebere
601 2265 733 2327 morem,
767 2247 891 2312 feminIs
923 2266 991 2313 esse
1014 2249 1186 2314 molestos?
1214 2250 1346 2331 quodsi

210 2360 380 2442 aliquando
403 2361 600 2425 nertssimum
622 2364 683 2437 est,
715 2377 790 2422 num
812 2358 979 2424 ideulieel
1000 2359 1059 2425 hoc
1080 2366 1240 2442 tamquam
1264 2379 1345 2425 com-

210 2488 334 2536 munem
365 2471 502 2535 omnium
541 2469 708 2534 stultorum
747 2488 863 2534 morem
902 2470 1088 2549 designare?
1124 2488 1185 2535 non
1221 2472 1346 2552 scripsit

209 2581 315 2647 hercle
346 2581 488 2646 Catullus
520 2585 584 2644 tem
614 2581 737 2662 inepta,
775 2580 830 2644 sed
858 2580 946 2645 dedit
975 2580 1059 2660 quod
1092 2581 1160 2645 uita
1188 2581 1346 2646 cotidiana

210 2692 445 2774 comprobauit:
479 2694 527 2755 ‘ne
556 2692 686 2755 nimium
714 2693 810 2754 simus
838 2695 978 2754 tutorum
1008 2709 1095 2779 mure
1118 2691 1261 2757 molestI’.
1307 2693 1346 2758 de

158 2863 161 2866 .
209 2803 366 2868 tutorinus
389 2819 559 2884 eorumque
580 2801 748 2883 supercilio
772 2801 877 2864 omnia
899 2805 982 2866 notu.

296 2913 370 2977 ibid.
396 2933 426 2978 u.
452 2917 585 2995 158sq.:

374 3031 401 3078 et
418 3023 465 3089 qui
483 3022 618 3091 principio
637 3022 717 3077 nobis
736 3028 838 3076 terrum
856 3020 931 3075 dedit
948 3019 1044 3089 aufert,

429 3132 447 3170 a
465 3131 519 3184 quo
538 3121 602 3170 sunt
619 3117 708 3184 primo
726 3115 817 3169 omnia
834 3119 900 3168 nate
916 3114 996 3169 bona.

210 3245 308 3311 uerba
331 3247 362 3311 in
386 3249 453 3310 toto
477 3244 593 3308 Catulli
621 3245 701 3310 libro
722 3245 960 3327 corruptissima
990 3245 1079 3309 uario
1110 3246 1201 3310 modo
1231 3263 1344 3310 sanare

210 3356 400 3422 studuerunt
431 3355 514 3420 docti
545 3373 581 3420 eo
612 3373 756 3422 successu
785 3361 821 3421 ut
853 3357 915 3421 duo
942 3356 1067 3437 quidem
1098 3356 1178 3420 uitia
1207 3358 1342 3438 egregie,
1400 3431 1405 3444 ‚

211 3468 413 3534 correxerint.
458 3484 530 3530 nem
561 3470 594 3530 et
623 3466 757 3548 Heysius
787 3468 819 3530 in
852 3466 906 3530 illu
937 3465 1060 3530 ‘aufert’
1088 3485 1200 3532 nomen
1224 3467 1343 3533 ‘Anser’

211 3580 310 3644 latere
333 3578 513 3643 felicissime
538 3576 694 3642 intellexit
722 3582 754 3642 et
776 3577 933 3658 Hauptius
963 3577 994 3641 in
1022 3595 1116 3642 uersu
1138 3578 1258 3642 minore
1282 3578 1343 3643 ‘mi’

209 3695 282 3754 ante
305 3688 407 3752 ‘omui'
429 3688 594 3752 inserendo
618 3689 734 3768 optimc
758 3688 913 3752 consuluit
936 3699 967 3751 et
989 3693 1088 3752 metro
1112 3694 1144 3752 et
1158 3681 1343 3752 sententiae.

208 3800 303 3864 tertia
326 3805 431 3862 autem
454 3797 546 3862 huius
563 3797 686 3862 distIchi
699 3799 820 3863 inaculu
842 3797 944 3862 adhuc
966 3799 1120 3863 medicum
1142 3797 1260 3862 frustra
1284 3799 1344 3862 cir·

210 3909 392 3991 cumspexit.
437 3925 508 3972 nam
530 3909 614 3989 quod
636 3927 693 3990 pro
718 3912 843 3974 ‘terram
864 3909 961 3974 dedit'
985 3910 1165 3991 nuperrime
1185 3909 1218 3973 L.
1242 3909 1343 3974 Muel-

207 4022 292 4086 lerus
316 4018 594 4084 Mitscherlichium
617 4026 742 4084 secutus
771 4020 859 4085 dedit
890 4023 932 4085 ‘te
962 4019 1112 4097 tradidit,
1138 4021 1170 4085 id
1194 4021 1343 4100 grauissi-

207 4121 290 4197 mam
321 4132 360 4198 ob
394 4149 519 4196 causam
547 4131 757 4196 reiectaneum
789 4136 845 4196 est.
890 4150 963 4197 nam
993 4151 1062 4197 eum
1096 4131 1241 4195 tradendi
1272 4149 1342 4194 uer·
