3032 5078
745 402 786 460 48

200 587 228 631 n,
247 570 285 630 13
308 567 339 632 in
370 565 403 630 V
416 570 555 647 ‘totaque
572 566 713 647 remigio’
735 569 958 649 scriptumest,
982 566 1065 648 quod
1091 573 1127 631 ut
1149 568 1241 632 nimis
1265 568 1332 632 lan-

200 679 329 759 guidum
359 684 443 742 recte
474 683 669 760 spreucrunt.
714 679 789 742 licet
810 681 914 742 antem
946 677 1120 758 tortaque,
1150 678 1233 759 quod
1263 679 1335 742 Itali

87 870 90 880 ff
200 792 418 869 reposueruut,
443 788 592 869 exemplis
615 786 818 866 defendatur,
850 787 926 851 mihi
958 792 1061 852 tamen
1086 805 1210 869 semper
1231 789 1335 852 uisum

201 906 249 964 est
271 916 423 980 reponere
450 896 622 978 motoque,
646 898 763 979 quippe
794 898 877 978 quod
901 897 1088 963 uocabulum
1114 905 1146 963 11
1167 899 1247 963 mari
1267 904 1334 963 tum

200 1009 335 1090 primum
358 1026 514 1072 remorum
544 1008 636 1088 pulsu
669 1009 789 1086 agitato
824 1007 934 1072 melius
964 1010 1131 1073 conueniat
1162 1015 1194 1074 et
1221 1011 1335 1074 omissa

200 1117 319 1183 scilicet
342 1116 449 1209 littera
476 1118 590 1187 initiali
621 1117 769 1183 facillime
792 1118 949 1198 corrumpi
977 1120 1124 1204 potuerit.
1170 1126 1335 1201 praeterea

202 1229 404 1293 adnotatione
424 1229 501 1292 sutis
524 1228 651 1308 dignum
672 1234 728 1307 est,
753 1225 901 1291 Ouidium
924 1230 963 1292 de
979 1228 1064 1310 Argo
1086 1229 1264 1310 loquentem
1287 1229 1336 1302 bis

203 1339 299 1403 uerbo
324 1337 378 1403 illo
401 1339 464 1402 nti:
489 1343 612 1402 metam.
637 1335 796 1420 [Vllum]
821 1340 887 1418 ‘per
907 1357 992 1403 marc
1015 1355 1075 1403 non
1092 1346 1210 1406 motum
1232 1341 1334 1422 prima

205 1451 325 1532 petiere
344 1448 459 1514 carina'
490 1453 522 1512 et
542 1466 638 1514 amor.
672 1445 796 1530 [1111‚
825 1447 856 1531 5]
889 1450 1076 1531 butinam,
1107 1451 1218 1531 nequis
1248 1468 1334 1515 remo

204 1559 285 1625 freto
305 1559 398 1638 longa
414 1563 562 1638 moueret,
588 1561 672 1639 Argo
690 1557 830 1622 funestas
852 1576 960 1641 pressa
983 1558 1113 1624 bibisset
1133 1560 1248 1640 aquas’.
1294 1560 1334 1626 cf.

203 1675 369 1752 praeterea
391 1667 539 1734 Manilius
566 1667 594 1750 [I
618 1667 671 1751 76]
705 1668 920 1750 ‘immotusque
948 1687 1046 1734 nouos
1075 1676 1189 1751 pontus
1217 1672 1336 1736 subdu-

204 1785 294 1845 xerat
318 1778 418 1844 orbes’
443 1782 475 1842 et
497 1777 566 1843 Uel.
589 1777 673 1844 Flac.
703 1777 743 1860 [V
770 1778 825 1862 44]
857 1782 922 1844 ‘nos
952 1780 1017 1844 ulla
1038 1780 1231 1846 monebimus
1254 1781 1336 1847 ultra

203 1889 367 1972 aequora’;
401 1889 515 1954 Lucan.
540 1887 581 1972 [V
605 1889 691 1972 449].
720 1891 830 1970 nequis
861 1891 942 1955 enim
972 1889 1047 1954 mibi
1076 1890 1191 1956 obiciat
1221 1889 1337 1956 Catulli

206 2001 395 2065 imitatorem
418 1997 529 2064 Silium
549 1999 693 2064 Italicum
716 1997 790 2082 [Vll
812 1999 899 2084 412}

423 2146 456 2186 ao
473 2135 562 2186 tortus
582 2131 666 2186 multo
689 2131 833 2200 spumabat
850 2134 954 2202 remige
970 2137 1080 2202 pontus,

425 2239 485 2278 oum
503 2224 626 2293 trepidae
643 2224 754 2279 fremitu
772 2226 867 2280 uitreis
886 2242 900 2281 1
919 2225 1030 2281 sedibus
1048 2226 1119 2280 antri

423 2333 575 2385 aequoreae
592 2317 691 2386 pelago
711 2318 789 2372 simul
809 2333 943 2374 emersere
962 2333 1078 2388 sorores,

203 2435 246 2501 ibi
270 2455 407 2518 quoqne,
440 2456 508 2502 cum
531 2438 652 2503 codices
674 2421 803 2504 tradant
833 2441 879 2503 ‘ac
906 2439 1010 2517 totus,
1035 2439 1264 2504 restituendum
1287 2442 1336 2504 est

204 2547 251 2611 ‘ec
273 2553 375 2612 motus
397 2547 517 2612 multo'.
561 2548 646 2614 locus
676 2555 781 2613 autem
812 2548 949 2614 Silianns
978 2554 1088 2630 operte
1109 2549 1216 2629 docet,
1241 2566 1335 2613 uersu

206 2660 245 2720 14
277 2656 403 2722 ‘uultus’
433 2676 503 2738 non,
535 2662 570 2722 ut
600 2658 758 2740 Hauptius
787 2658 865 2741 [obs.
896 2659 964 2724 crit.
993 2679 1023 2741 p.
1049 2658 1103 2742 34]
1133 2659 1246 2738 uoluit,
1277 2676 1335 2739 pro

203 2769 392 2848 accusatiuo,
418 2769 474 2832 sed
497 2787 553 2849 pro
577 2770 769 2834 nominatiuo
792 2771 855 2834 iam
878 2771 1006 2850 antiquo
1029 2776 1170 2850 tempore
1190 2785 1258 2832 csse
1280 2767 1334 2832 ha·

206 2877 314 2943 bitum.
360 2879 413 2942 sed
437 2878 476 2943 de
499 2898 527 2942 u.
557 2883 597 2942 11
618 2878 741 2961 longius
764 2879 987 2961 disputandum
1010 2886 1066 2944 est.
1098 2878 1229 2962 praebet
1251 2879 1334 2942 euim

215 2986 247 3051 V
269 2992 431 3054 ‘emersere
453 2987 512 3054 feri
543 2990 687 3054 candenti
718 3009 735 3054 e
765 2991 889 3071 gurgite
914 2990 1038 3056 nultne'.
1083 2990 1200 3054 dudum
1229 2995 1334 3053 autem

206 3115 393 3181 perspexere
416 3098 514 3178 docti,
548 3098 633 3164 nullo
654 3105 745 3181 pacto
769 3099 920 3182 Nymphis
942 3100 1025 3165 feros
1047 3100 1153 3166 uultus
1174 3116 1266 3181 posse
1288 3103 1336 3163 11-

205 3207 312 3273 tribui.
356 3226 464 3289 porro,
488 3214 654 3289 postquam
677 3229 706 3273 o.
733 3211 926 3294 relegimus
950 3211 1122 3275 ‘incanduit
1144 3208 1247 3288 unda'‚
1270 3227 1335 3273 mo-

203 3316 282 3382 leste
311 3316 440 3382 ferimus
469 3337 561 3383 uersu
592 3321 769 3403 insequenti
803 3322 879 3387 illud
914 3321 1070 3387 ‘candenti
1091 3321 1234 3402 gurgite'.
1280 3318 1335 3385 sed

203 3427 281 3493 illud
304 3428 387 3510 quod
404 3427 594 3495 Schraderus
607 3433 747 3513 reposuit
772 3431 853 3498 ‘freti
876 3434 1001 3498 canenti
1024 3430 1202 3513 egurgite',
1227 3421 1348 3513 quam-'

159 3567 166 3578 ·
205 3557 299 3620 quarn
321 3539 451 3620 uulgata
474 3540 608 3604 lectione
630 3542 728 3606 multo
758 3561 792 3607 se
814 3543 925 3607 melius
946 3542 1058 3623 habet,
1089 3548 1193 3607 tamen
1218 3540 1334 3622 duplici

204 3650 328 3714 nomine
351 3649 503 3731 displicet.
548 3669 618 3716 nam
649 3658 680 3720 et
704 3653 828 3718 ‘uultus’
853 3653 1008 3717 adiectiuo
1031 3654 1166 3734 quodam
1195 3669 1256 3717 non
1280 3651 1335 3716 ud-

205 3759 308 3842 posito
332 3761 423 3825 nimis
445 3760 538 3842 friget
562 3767 594 3825 et
615 3765 764 3844 pauperis
793 3764 955 3845 scriptoris
974 3772 1021 3830 cst
1044 3784 1073 3829 u.
1100 3767 1140 3828 14
1163 3762 1336 3829 ‘canentie

204 3871 337 3950 gurgite’
361 3876 393 3936 11
416 3891 444 3936 u.
472 3875 511 3936 18
533 3875 560 3937 ‘e
584 3875 709 3954 gurgite
731 3873 816 3938 cono’
838 3874 982 3940 scribere.
1027 3879 1062 3938 ut
1086 3874 1222 3939 enimin
1245 3873 1345 3938 unico·

204 3983 338 4062 gurgitis
359 3983 511 4049 uocabulo
531 3985 667 4066 repetito
689 3983 776 4048 nulla
802 3991 850 4049 est
872 3984 1010 4065 offensio,
1035 3986 1080 4049 ita
1103 3990 1150 4050 est
1171 3985 1202 4048 in
1227 3984 1336 4048 eodem

204 4109 273 4156 cum
305 4092 436 4158 ‘canens'
469 4095 519 4159 uel
544 4095 659 4159 ‘canus'
689 4094 841 4160 attributo
874 4095 920 4159 bis
949 4097 1123 4162 coniuncto.
1175 4096 1335 4176 scripsisse

205 4219 315 4268 censeo
338 4201 514 4269 Catullum:
