3032 5078
744 429 785 492 50

146 576 147 588 ἵ
198 601 250 666 rit.
304 600 396 665 nimis
425 603 530 664 autem
562 596 719 679 patienter
747 597 888 662 tulerunt
919 591 1055 657 editores
1085 588 1163 654 illud
1195 590 1222 652 ‘o
1251 587 1335 651 bona

201 717 336 776 matrum
358 708 544 792 progenies’.
589 707 682 791 plane
712 701 1019 772 enim'intolerabile
1046 705 1114 780 est,
1147 699 1252 778 siquid
1278 716 1336 777 ego

201 823 275 887 noui
298 819 654 902 poetarumiatinorum
685 817 834 898 loquendi
857 832 970 896 genus,
1002 817 1137 877 matrum
1160 827 1223 874 uox
1245 807 1336 872 attri-

201 933 277 997 buto
307 932 443 1013 quodam
479 929 642 994 destituta.
694 929 769 1010 quid
801 925 929 992 autem?
961 940 1040 987 eone
1069 922 1195 986 nomine
1223 919 1337 982 heroas

201 1043 324 1108 saluere
347 1041 434 1106 iubet
456 1045 550 1121 poeta
582 1040 666 1120 quod
689 1058 707 1104 e
727 1037 880 1103 matribus
902 1033 1059 1116 procreati
1082 1030 1180 1096 sunt?
1224 1028 1336 1092 mirum

202 1159 355 1235 quantum
379 1151 438 1216 hoc
461 1156 533 1232 post
554 1149 630 1214 illud
657 1149 786 1214 ‘saluete
810 1148 901 1212 deum
924 1144 1032 1225 genus'
1054 1143 1157 1222 friget.
1203 1137 1336 1202 alteram

204 1269 310 1329 autem
332 1279 465 1342 eamque
486 1262 600 1326 iustam
623 1258 823 1325 salutationis
845 1273 970 1321 causam
994 1271 1032 1317 ex
1053 1251 1186 1332 egregiis
1208 1249 1338 1314 heroum
1445 1253 1450 1264 “

172 1373 393 1466 Ιΐειοὶηοτίὴιιε
420 1379 528 1454 petere
550 1371 654 1453 potuit
684 1369 854 1449 debuitque
883 1371 992 1447 poeta3
1022 1364 1158 1428 uirtutes
1177 1377 1286 1426 eorum
1307 1377 1337 1422 u.

203 1492 241 1551 51
255 1490 520 1550 commemoratae
537 1499 597 1546 uno
612 1481 717 1546 saltim
732 1478 828 1544 uerbo
850 1475 900 1540 hic
919 1474 1123 1556 attingendae
1145 1475 1244 1536 erant.
1289 1469 1340 1533 hic

209 1645 239 1712 V
256 1646 324 1710 ueri
337 1644 505 1724 uestigium
526 1643 757 1725 apertissimum
772 1639 904 1720 praebet
918 1633 1093 1700 exhibendo
1110 1583 1237 1699 ‘gifted
1261 1630 1339 1696 illud

200 1762 308 1842 autem
339 1753 458 1819 ‘matre’
481 1771 565 1834 cum,
595 1754 623 1817 si
651 1770 745 1817 uersu
771 1749 913 1831 sequenti
936 1751 1059 1826 careas,
1092 1746 1184 1826 plane
1208 1743 1250 1807 sit
1274 1742 1340 1806 ine

204 1871 302 1949 ptum,
326 1866 364 1929 ab
388 1865 613 1947 interpolatore
635 1861 821 1946 profectum,
846 1878 913 1924 esse
936 1876 997 1922 nou
1019 1860 1141 1938 potest,
1173 1872 1242 1919 cum
1268 1871 1340 1918 con-

204 1983 255 2040 tra
286 1981 317 2041 et
352 1976 481 2056 ‘meter'‚
514 1976 596 2057 quod
632 1973 659 2038 V
687 1975 768 2054 ipse,
801 1977 832 2036 et
856 1967 1021 2047 ‘matrum',
1052 1967 1135 2047 quod
1174 1963 1342 2032 scholiasta

206 2066 396 2152 Ueronensis
420 2085 530 2164 habet,
552 2069 731 2166 ⁵utcumque
753 2082 943 2163 interpolata
966 2078 1133 2142 uideantur
1155 2077 1194 2141 ab
1219 2076 1264 2140 eis
1287 2074 1342 2156 qui

207 2196 282 2278 quid
315 2196 505 2261 illi‘rnatre’
539 2195 680 2260 facerent
701 2195 891 2275 ignorarent.
936 2192 1023 2271 legas
1053 2191 1080 2252 ‘o
1117 2188 1200 2252 bona
1233 2185 1344 2251 Marte

206 2307 391 2390 progenies’.
437 2307 481 2370 sic
510 2325 557 2371 ex.
590 2325 635 2387 gr.
659 2305 785 2370 Tacitus
817 2303 903 2386 [ann.
926 2302 941 2366 Ι
965 2300 997 2384 3]
1028 2299 1209 2381 ‘Agrippam
1228 2298 1343 2364 bonum

207 2416 340 2483 militia‘.

295 2528 370 2593 ibid.
394 2531 433 2592 52
457 2533 542 2608 sqq.':

428 2675 543 2728 namque
564 2657 728 2714 fluentisono
747 2664 927 2728 prospectans
945 2657 1025 2712 litore
1044 2657 1112 2712 Diae

429 2753 538 2816 Thesea
556 2751 695 2807 cedentem
714 2752 795 2807 celeri
814 2767 874 2806 cum
893 2751 980 2806 classe
997 2755 1091 2806 tuetur

429 2845 577 2902 indomitos
594 2845 623 2900 in
642 2846 723 2901 corde
742 2861 840 2914 gerens
861 2843 983 2900 Ariadna
1001 2844 1119 2900 furores

209 2985 277 3032 cum
309 2968 407 3032 classe
440 2966 522 3046 tugit
562 2965 615 3045 qui
650 2965 823 3047 complures
856 2959 951 3030 habet
984 2982 1096 3044 naues,
1139 2977 1271 3043 quarum
1306 2959 1340 3023 in

210 3095 274 3140 una
294 3076 400 3157 aliqua
422 3077 489 3158 ipse
511 3081 559 3140 est
583 3075 759 3140 collocatus.
784 3081 817 3141 at
837 3096 906 3142 cum
929 3075 1097 3156 scriptores
1120 3077 1253 3150 ueteres,
1277 3074 1344 3133 tum

184 3187 365 3266 ¹imagines
402 3185 611 3270 Pompeianae
649 3191 680 3250 ct
720 3185 969 3252 Herculanenses
1001 3204 1093 3250 unam
1131 3179 1346 3247 tantummodo

213 3296 324 3360 Thesei
347 3315 482 3378 puppem
504 3296 600 3361 tuisse
623 3298 801 3362 ostendunt.
847 3296 1001 3364 rescribas
1024 3297 1056 3360 id
1078 3293 1161 3380 quod
1184 3293 1280 3356 etiam
1299 3290 1345 3354 al·

211 3406 404 3471 litteratione
421 3406 668 3472 commendatur:
713 3407 843 3472 ‘Thesea
866 3409 1028 3472 cedentem
1046 3405 1139 3472 celeri
1161 3408 1228 3469 tam
1250 3404 1348 3467 classe

212 3517 339 3582 tuetur’.
384 3536 456 3581 nam
481 3517 609 3583 classem
632 3536 689 3599 pro
712 3518 805 3583 unica
827 3517 901 3581 naui
918 3517 998 3597 ¹poni
1020 3521 1070 3581 sat
1092 3514 1259 3596 constat*).

281 3705 305 3773 *)
324 3721 350 3758 u.
369 3706 403 3758 56
421 3693 521 3760 ‘fallaci
546 3719 616 3772 quae
633 3711 691 3758 tum
709 3704 825 3772 primum
854 3703 943 3759 excita
960 3705 1063 3758 somno’
1090 3704 1207 3758 O‘tune
1225 3702 1349 3772 primum’
1428 3682 1431 3688 ¹
1509 3749 1510 3758 ,

212 3797 312 3866 tradit,
337 3799 409 3853 unde
428 3798 616 3864 corrigendum
641 3805 683 3853 est
706 3798 780 3851 ‘tunc
796 3797 928 3864 primum’.
951 3791 1060 3852 'eodem
1086 3811 1178 3852 errore
1201 3796 1228 3848 X
1245 3798 1261 3849 3
1280 3795 1309 3848 in
1328 3794 1350 3847 0

213 3892 289 3945 ‘tune
306 3885 427 3959 repente'
445 3907 496 3959 pro
514 3893 589 3945 ‘tunc
602 3893 722 3960 repente’
741 3890 847 3959 legitur.
862 3921 896 3930 —
915 3907 940 3944 u.
949 3894 984 3946 64
996 3907 1047 3960 pro
1061 3891 1196 3946 ‘uelatum'
1216 3903 1349 3959 reponen-

215 3983 278 4037 dum
299 4000 359 4039 esse
385 3984 502 4038 ‘niueum
520 3985 582 4039 iam’
601 3985 656 4052 (uel
674 3984 757 4052 ‘tum’)
775 3984 830 4038 dixi
852 3983 881 4037 in
906 3983 1077 4039 Fleckeiseni
1101 3981 1246 4038 annalibus
1274 3983 1351 4049 1872,

212 4091 239 4143 p.
258 4078 317 4129 843.
338 4107 371 4116 -
388 4094 414 4132 u.
435 4079 484 4131 100
502 4095 562 4133 cum
580 4079 744 4133 Ritschelius
762 4077 928 4146 reposuisset
945 4079 1037 4146 ‘saepe
1060 4076 1146 4144 magis
1173 4074 1280 4130 fuluore
1305 4089 1350 4128 ex·

213 4167 313 4238 palluit
329 4170 405 4237 auri’,
423 4185 509 4240 nuper
528 4170 662 4227 ‘dulcoris’
680 4170 845 4228 uocabulum
863 4170 997 4227 stabiliuit
1020 4171 1145 4240 Buggeus
1168 4168 1234 4224 ibid.
1261 4183 1289 4238 p.
1308 4169 1351 4221 98.
