3032 5078
730 446 899 508 25·

185 619 289 699 impar
311 633 379 681 esse
402 616 460 680 deo
483 615 637 716 uidetur’3
670 616 753 696 quod
775 614 890 679 uitium
912 619 1021 695 aperte
1049 613 1123 678 inde
1144 615 1248 676 ortum
1272 617 1319 676 est

187 727 269 808 quod
295 729 327 791 in
350 726 455 792 uerbis
477 726 591 790 leniter
613 725 769 807 corruptis
794 725 856 789 ‘ille
879 722 989 804 impar’
1012 722 1126 804 aliquis
1139 739 1233 804 super
1256 721 1317 786 ‘Im'

188 837 304 902 litteris
332 837 502 918 scripserat
526 834 631 900 ι1111111.
654 832 886 899 -XXXVIII
911 839 923 895 l
951 833 1081 898 ‘molest'
1106 833 1137 897 in
1168 829 1194 896 V
1214 850 1319 897 corru-

185 945 277 1022 ptum
310 947 358 1006 est
391 944 481 1008 ‘male
511 949 558 1010 est
593 945 639 1024 si’,
666 963 748 1026 quae
780 942 958 1025 corruptela
985 948 1060 1008 nata
1082 947 1131 1008 est
1151 960 1191 1008 wex
1217 959 1318 1006 corre-

153 1129 155 1132 ·
186 1107 275 1166 ctura
298 1121 360 1167 non
382 1105 542 1170 intellecta
565 1105 656 1169 ‘male
677 1056 724 1169 sit.
744 1143 787 1152 -
810 1102 941 1169 LXXIII
965 1109 985 1167 4
1013 1104 1044 1167 in
1074 1103 1179 1168 uerbis
1203 1103 1320 1168 ‘taedet

186 1211 339 1294 obestque
362 1215 471 1296 magis’
503 1215 651 1280 librarius
684 1215 798 1296 aliquis
821 1215 978 1294 geminata
1003 1213 1114 1294 copula
1133 1231 1231 1294 praue
1255 1213 1318 1279 ‘ob-

185 1329 296 1404 estque
315 1325 487 1407 magisque’
507 1325 692 1406 scripserat:
724 1325 807 1405 quod
838 1323 864 1389 V
888 1323 1047 1403 ‘obestque
1070 1323 1231 1403 magisque
1254 1339 1318 1386 ma-

184 1481 243 1562 gis'
268 1483 382 1563 tradit,
407 1485 451 1548 nil
480 1485 566 1550 ahud
589 1491 637 1549 est
665 1487 726 1549 nisi
758 1484 934 1549 emendatio
967 1485 1126 1565 ‘obestque
1157 1431 1318 1564 offisque

186 1593 298 1657 itidem
336 1612 397 1658 non
442 1599 599 1677 perpecta.
655 1596 727 1660 hinc
768 1612 861 1676 porro
903 1595 1015 1659 mirum
1053 1593 1209 1676 quoddam
1252 1611 1319 1657 cor-

188 1703 331 1784 ruptelae
354 1722 450 1785 genus
480 1705 510 1770 in
541 1703 568 1768 V
594 1705 719 1769 obuium
749 1723 837 1768 snam
866 1704 959 1769 hahet
982 1703 1229 1785 explicationem.
1275 1703 1318 1767 le·

187 1817 306 1892 guntur
338 1832 363 1879 o.
389 1813 517 1878 LVII9
550 1815 632 1878 ‘socii
663 1823 694 1878 et
724 1814 952 1895 puellularum',
982 1814 1083 1878 LXIII
1108 1819 1147 1878 10
1171 1815 1262 1878 ‘tauri
1287 1819 1319 1879 et

185 1923 312 1988 teneris’
336 1917 470 1989 XCVII
499 1924 601 1988 ‘mutis
624 1932 656 1989 et
671 1925 806 2006 gratum’
829 1923 941 2005 quibus
958 1924 1034 1989 Iocis
1050 1925 1101 1989 ‘at’
1121 1924 1233 1991 uocula
1247 1943 1316 1990 cum

184 2035 309 2113 egregie
333 2034 472 2098 abundet
496 2054 556 2100 non
580 2035 729 2101 habemus
759 2040 863 2099 tamen
893 2035 976 2098 unde
998 2051 1067 2098 earn
1095 2035 1127 2097 in
1150 2033 1318 2099 uerborum

184 2149 363 2214 contextum
379 2147 534 2210 inuectam
557 2164 624 2210 esse
641 2147 788 2209 dicamne.
835 2146 941 2225 itaque
956 2145 1101 2226 primitus
1119 2145 1226 2209 ‘societ
1247 2151 1319 2209 tau-

184 2259 234 2316 ret
265 2255 390 2319 mutets'
421 2255 552 2339 (scilicet
583 2275 621 2319 ex
651 2255 754 2320 ‘sociei
782 2256 884 2320 taurei
914 2254 1037 2319 muteis'
1078 2255 1239 2337 corrupto)
1270 2255 1317 2318 ui-

185 2365 299 2429 dentur
322 2366 439 2447 scripta
461 2384 537 2430 esse.
584 2384 666 2448 quae
688 2385 756 2430 curn
778 2366 998 2448 grammaticus
1022 2367 1081 2432 iste
1104 2366 1318 2446 superscrIpta

187 2475 218 2538 ‘i’
242 2475 350 2540 littera
365 2477 559 2557 correxisset,
584 2477 658 2558 quid
677 2476 734 2540 hoc
747 2476 807 2541 sihi
826 2477 921 2541 uellet
937 2473 996 2539 hon
1015 2475 1239 2540 animaduertit
1263 2476 1317 2557 qui

187 2587 345 2667 exemplar
376 2594 547 2652 correctum
577 2588 617 2651 ad
647 2605 702 2650 nos
731 2585 927 2668 propagauit.
951 2623 992 2632 -
1016 2604 1053 2650 ex
1084 2584 1133 2650 his
1157 2587 1316 2668 exemplis,

189 2714 270 2778 quae
292 2699 400 2778 augeri
424 2697 557 2761 fortasse
578 2703 718 2779 possunt,
743 2697 815 2761 libri
839 2696 1008 2761 CatuIIIani
1031 2697 1261 2762 emendatorem
1286 2697 1317 2761 in

190 2807 363 2873 leuioribus
402 2808 467 2872 fere
501 2809 594 2873 rebus
628 2811 822 2889 maximeque
856 2806 1104 2888 orthographicis
1143 2805 1319 2872 substitisse

188 2925 328 3000 apparet.
374 2934 475 2998 neque
500 2918 666 2983 admodum
701 2918 874 3003 aequabilis
906 2918 990 2982 illius
1012 2915 1108 2999 opera
1131 2923 1214 2982 erat:
1246 2936 1317 2982 nam

186 3028 428 3110 orthographiae
458 3029 607 3110 antiquae
628 3026 763 3107 uestigia
785 3029 884 3093 multa
913 3028 1041 3109 reliquit
1063 3029 1190 3093 intacta.
1237 3047 1318 3110 quae

184 3140 244 3205 huc
266 3140 426 3221 pertinent
447 3139 515 3205 loca
537 3139 672 3220 plurima
695 3156 764 3202 cnm
786 3157 805 3201 a
828 3140 906 3203 uiris
924 3139 1024 3203 doctis
1047 3145 1079 3203 et
1099 3140 1319 3205 animaduerso

185 3256 217 3314 et
239 3255 349 3314 sanata
372 3251 443 3327 sint,
473 3266 573 3331 pauca
595 3254 699 3312 tamen
724 3254 853 3313 restant.
899 3269 924 3314 c.
946 3249 1047 3314 LXVI
1062 3253 1103 3314 58
1127 3252 1253 3331 egregie
1272 3251 1318 3316 ih·
1393 3321 1395 3324 ,

184 3356 306 3424 tellexit
329 3359 545 3424 Lachmannns
568 3377 626 3440 pro
652 3359 808 3440 scriptura
832 3360 862 3422 in
891 3358 918 3423 V
938 3361 1056 3425 tradita
1080 3361 1202 3440 ‘gratia’
1225 3380 1317 3443 repo-

184 3471 319 3536 nendum
342 3489 409 3535 esse
435 3468 561 3534 ι(11111ιὶ
610 3469 763 3533 sexcentis
781 3476 885 3534 autem
909 3471 985 3536 Iocis
1007 3490 1075 3536 cum
1106 3469 1231 3552 ‘graius’
1256 3489 1318 3538 uox

183 3582 216 3645 in
238 3581 366 3661 ‘gratus’
390 3581 523 3659 abierit,
547 3580 601 3645 ubi
626 3579 732 3660 ‘graia’
757 3581 788 3643 in
813 3581 934 3662 ‘gratia'
957 3585 1110 3647 mutatum
1133 3582 1175 3646 sit
1195 3581 1249 3645 uir
1271 3581 1318 3646 iu·

184 3693 302 3757 uenies.
348 3691 431 3756 unde
460 3697 518 3771 ego
551 3689 679 3753 ‘Graiia'
710 3691 906 3756 scribendum
937 3709 1063 3771 cense03
1096 3708 1159 3771 qua
1184 3691 1223 3755 de
1243 3692 1318 3756 scri·

87 3789 92 3796 ⁶
183 3809 278 3884 ptura
310 3802 348 3866 ci.
372 3801 408 3866 Ο.
432 3799 621 3865 Ribbechius
644 3801 762 3882 proleg.
794 3803 825 3864 in
848 3800 943 3882 Uerg.
973 3821 1003 3883 p.
1031 3805 1091 3866 138
1121 3806 1152 3865 et
1173 3805 1254 3882 4263
1279 3803 1316 3866 Α.

182 3913 403 3978 Fleckeisenus
433 3911 464 3974 in
495 3910 659 3974 annalibus
690 3911 754 3976 suis
785 3929 813 3974 a.
847 3914 929 3975 1873
959 3931 989 3993 p.
1015 3915 1086 3976 406.
1111 3947 1151 3957 -
1182 3910 1316 3976 cvra

184 4023 292 4087 ‘uelles
308 4023 411 4088 dicere
427 4039 484 4086 nec
498 4026 602 4085 tacere
611 4021 727 4101 posses'
738 4021 819 4085 ratio
834 4021 1046 4102 grammatica,
1057 4001 1140 4102 quod
1158 4039 1219 4085 non
1235 4021 1317 4103 fugit

183 4133 364 4210 Heinsium,
397 4132 494 4196 ‘uelle’
527 4137 558 4195 et
588 4131 706 4212 ‘possis’
729 4129 861 4212 flagitat.
907 4132 957 4196 hic
979 4149 1104 4213 quoque
1135 4151 1223 4196 error
1246 4152 1317 4214 pro-

187 4243 275 4309 uenit
298 4261 336 4306 ex
366 4243 524 4324 scriptura
555 4243 685 4324 antiqua
714 4242 830 4307 ‘heleis’
859 4251 890 4307 et
924 4243 1070 4326 ‘posseis'.
1103 4279 1145 4288 —
1177 4244 1271 4310 etiarn
1291 4263 1315 4310 c.
