3032 5078
734 411 770 471 71

273 577 393 644 Indea
421 595 514 643 uersu
538 579 578 640 22
603 578 715 644 ‘nescio
739 577 825 658 quid’
855 593 911 657 eqs
940 573 1111 658 discipu,
1136 594 1268 660 quocum
1296 575 1328 642 P

188 705 311 769 semper
334 687 400 753 fere
420 687 584 752 consentit.
629 689 691 752 iam
717 688 744 753 si
764 705 882 766 uersus,
906 705 984 767 quos
999 686 1076 752 Bet
1096 687 1170 753 PU
1186 688 1324 753 familiae

188 815 245 880 pro
265 815 300 862 se
322 815 466 880 quaeque
486 803 662 878 seruaruut,
687 799 769 864 iuter
790 815 823 862 sc
839 798 1078 880 comparandis,
1100 795 1191 862 facile
1216 815 1323 864 conce·

190 907 245 972 des
268 909 388 973 neutris
410 927 466 974 nos
487 927 579 990 posse
601 926 716 974 carere.
762 926 830 973 curn
855 909 935 972 enim
957 908 1061 973 uerbis
1085 907 1147 973 illis
1171 907 1215 991 [u.
1239 911 1324 974 24-

189 1017 244 1102 26]
269 1018 392 1083 ‘iterum
416 1019 594 1083 sentire-
626 1020 740 1084 uulnus
771 1018 903 1083 Elissae’
934 1024 1028 1100 poeta
1055 1019 1243 1084 clarissimas
1264 1019 1323 1083 Ae-

189 1128 290 1193 neidis
311 1127 459 1194 historias
482 1128 621 1194 breuiter
640 1131 843 1210 perstringat,
865 1135 998 1210 apparet
1019 1147 1089 1194 eum
1113 1147 1174 1194 non
1198 1147 1231 1193 se
1252 1146 1322 1193 con·

193 1239 294 1302 tinere
315 1239 456 1320 potuisse
480 1239 510 1303 in
534 1239 646 1304 Troiae
676 1239 796 1306 excidio
824 1239 914 1323 [Aen.
937 1239 982 1323 ΙΙ]
1006 1239 1168 1320 Didusque
1192 1237 1322 1302 interitu

192 1347 282 1433 [Aen.
305 1347 363 1432 IV]
380 1349 665 1414 commemorandis.
687 1349 739 1415 hic
758 1347 828 1413 PU
851 1348 933 1414 ultro
957 1348 1024 1414 lere
1046 1354 1204 1429 tamquam
1227 1347 1324 1412 conti·

155 1508 158 1516 ,
188 1460 370 1524 nuationem
392 1459 482 1524 nobis
502 1457 637 1524 offerunt
652 1477 761 1524 uersus
785 1459 855 1525 illos
873 1459 996 1524 ‘sentiet
1011 1459 1175 1541 applicitus
1193 1495 1233 1505 -
1251 1458 1323 1523 red-

189 1569 243 1635 det
265 1570 423 1651 Amazon’,
447 1570 563 1651 quippe
592 1569 705 1650 quibus
735 1570 817 1633 aliae
839 1569 987 1637 Aeneidis
1018 1568 1214 1634 narrationes
1236 1568 1324 1634 uobi-

190 1681 245 1760 les,
269 1685 347 1761 puta
377 1680 415 1745 de
438 1679 557 1763 Sibylla
580 1676 715 1744 Cumaea
745 1679 835 1763 [Aen.
863 1679 921 1764 Vl]
951 1679 1045 1744 etde
1075 1676 1206 1744 Camilla
1229 1677 1321 1762 [Aen.

190 1788 248 1874 XI]
273 1792 502 1855 contineantur.
546 1789 657 1871 quodsi
679 1789 728 1854 his
756 1790 898 1855 uersibus
921 1787 1022 1854 elucet
1046 1788 1162 1853 nullam
1181 1789 1322 1854 codicum

194 1899 344 1965 famlliam
366 1917 424 1981 pro
446 1917 479 1963 se
501 1898 599 1963 solam
625 1900 761 1980 genuina
788 1906 900 1981 poetae
924 1899 1022 1965 uerba
1045 1899 1230 1975 tradidisse,
1265 1897 1320 1962 sed

192 2010 323 2074 alteram
347 2027 384 2073 ex
406 2008 506 2073 altera
530 2026 597 2073 esse
620 2008 842 2092 supplendam,
866 2011 962 2076 etiam
983 2009 1022 2076 de
1043 2010 1154 2074 ceteris
1178 2008 1321 2074 uersibus

189 2119 272 2184 idem
301 2125 408 2183 nostro
439 2118 506 2181 iure
536 2119 768 2186 contendemus.
826 2125 860 2184 ut
893 2123 998 2184 autem
1029 2137 1122 2200 quam
1150 2117 1322 2184 clarissime

189 2230 398 2311 perspiciatur
436 2226 547 2292 harum
580 2227 742 2293 turbarum
778 2231 809 2295 in
839 2230 993 2310 communi
1023 2229 1191 2313 archetypo
1223 2230 1321 2309 origo,

189 2340 305 2421 pagina
330 2339 475 2419 sequenti
506 2338 741 2419 exprimendum
774 2340 883 2404 ourani
922 2339 1082 2422 archetypi
1117 2338 1227 2405 folium
1259 2339 1323 2405 tale

191 2448 283 2532 quale
314 2448 381 2514 iere
411 2453 514 2514 mente
541 2446 626 2512 finxi.
671 2448 817 2513 nimirum
846 2450 873 2514 is
903 2451 956 2532 qui
986 2449 1137 2515 familiam
1163 2447 1233 2514 PU
1251 2468 1324 2532 pro-

191 2559 311 2624 creauit
330 2558 477 2623 librarius
508 2577 569 2622 non
599 2558 764 2639 descripsit
793 2559 859 2624 fere
888 2559 948 2624 nisi
980 2578 1090 2624 uersus
1119 2561 1150 2624 in
1183 2561 1324 2640 margine

192 2675 351 2751 extantes,
384 2687 453 2734 cum
480 2675 589 2734 eonua
616 2667 753 2734 familiae
777 2668 808 2733 Β
828 2671 952 2750 genitor
981 2671 1026 2735 eis
1055 2670 1148 2752 plane
1172 2671 1323 2762 neglectis

192 2781 295 2862 ipsum
317 2778 734 2845 tautummodocoutextum
752 2785 886 2845 ‘secutus
916 2780 966 2844 sit.
1011 2797 1068 2844 nos
1091 2781 1188 2859 igitur
1211 2797 1321 2845 uersus

193 2891 329 2972 margini
352 2889 526 2970 adscriptos
547 2889 600 2968 sic,
626 2894 660 2953 ut
682 2907 732 2953 res
755 2890 823 2970 ipsa
844 2895 876 2954 et
898 2892 1074 2971 argumenti
1096 2891 1192 2956 series
1212 2890 1314 2966 iussit,

192 3001 223 3065 in
247 3003 426 3066 contextum
442 3000 636 3064 inseruimus.
681 3005 767 3066 recta
790 3005 894 3066 autern
908 3001 1146 3067 ratiocinatione
1169 3019 1225 3066 nos
1249 3019 1321 3066 usos
1359 2987 1362 2994 ’

193 3131 261 3178 esse
283 3114 314 3176 in
338 3112 507 3194 archetypo
530 3111 741 3191 restituendo,
772 3112 884 3176 docent
915 3109 1013 3176 uerba
1041 3111 1096 3176 illa
1120 3113 1160 3176 ‘id
1186 3112 1320 3178 cinerem

192 3222 276 3288 ferut
299 3241 354 3287 ora
380 3221 502 3288 nocens’
525 3221 556 3285 in
581 3219 613 3284 P
630 3221 696 3286 loco
719 3222 812 3302 plane
827 3223 930 3288 alieno
952 3223 1077 3305 scripta.
1122 3240 1204 3304 quae
1226 3223 1324 3287 uerba

192 3352 262 3398 cum
290 3334 373 3398 iusto
405 3333 472 3397 loco
501 3332 532 3395 in
556 3330 622 3395 sola
644 3330 674 3394 B
696 3331 816 3398 familia
844 3339 971 3398 seruata
994 3334 1073 3412 sint,
1106 3335 1322 3398 demonstrant

192 3443 355 3509 librarium
384 3445 451 3508 eius
481 3443 611 3522 codicis,
644 3441 727 3506 unde
761 3440 833 3506 PU
849 3439 1072 3523 profluxerunt,
1098 3444 1200 3510 adhuc
1222 3445 1324 3528 ipsum

192 3559 369 3619 contextum
394 3552 432 3618 ob
452 3553 556 3618 oculos
582 3551 743 3632 habuisse,
776 3569 845 3617 cum
874 3553 1014 3635 alioquin
1046 3562 1214 3627 non‘esset
1243 3557 1325 3620 unde

192 3683 249 3746 per
272 3683 408 3730 errorem
432 3663 486 3728 illa
511 3669 643 3745 peteret.
690 3668 785 3743 atque
814 3661 891 3729 haec
921 3663 1047 3745 quidem
1071 3665 1102 3728 in
1126 3665 1324 3732 uniuersum:

193 3793 275 3840 nunc
297 3775 342 3860 de
361 3775 490 3855 singulis
520 3792 598 3857 quas
626 3780 739 3856 poetae
769 3774 866 3838 uerba
888 3779 1112 3840 contraxerunt
1137 3776 1324 3858 corruptelis

193 3887 365 3977 uideamus.
411 3903 473 3964 qua
495 3885 527 3948 iu
550 3903 585 3950 re
607 3885 652 3949 ita
675 3884 825 3950 uersabor
855 3891 889 3948 ut
912 3885 1033 3949 minora
1053 3887 1208 3966 quaedam
1234 3905 1254 3951 a
1276 3904 1325 3951 me

194 3995 375 4072 emendata,
413 4013 492 4075 qnae
519 3996 786 4061 commendatione
817 3996 871 4058 uix
901 4000 1029 4076 egeant,
1063 3997 1323 4076 praetermittam.

194 4124 223 4168 u.
247 4109 288 4168 20
309 4121 390 4186 quae
415 4104 444 4168 Β
466 4105 596 4188 praebet
626 4107 661 4170 ‘si
692 4105 775 4171 forte
805 4105 973 4189 superbum
997 4108 1116 4171 errauit
1139 4109 1201 4171 ium
1224 4113 1325 4172 morte

194 4215 293 4297 piger’
317 4233 410 4281 sensu
433 4221 506 4280 sunt
527 4216 687 4281 destituta.
733 4217 884 4283 reiculam
908 4222 1012 4284 autem
1035 4222 1084 4284 est
1105 4218 1138 4283 id
1159 4219 1241 4301 quod
1268 4236 1324 4283 nu·
