3032 5078
714 467 755 526 67

268 628 379 684 Emauit
395 630 449 684 iam
467 635 553 684 morte
570 630 663 699 piger,
681 631 706 688 si
725 632 818 701 lingua
834 631 928 688 locuta
944 637 987 687 est

269 722 368 780 Nescio
386 721 453 792 quid
469 722 604 778 titubante
622 725 711 780 animo
729 741 785 780 non
802 732 899 794 sponte
918 725 965 780 sed
984 725 1046 780 altis

269 815 436 885 Expugnata
453 815 529 870 mulis
547 815 608 871 odio
627 818 769 886 languoris
786 818 881 886 iniqui,

270 908 299 962 Si
316 923 392 962 mens
412 923 495 963 caeca
512 907 579 963 luit:
599 910 697 965 iterum
715 911 815 967 sentire
832 910 925 964 ruinas

269 1000 353 1056 Troia
371 1017 440 1069 suas,
459 1002 556 1057 iterum
577 1012 687 1071 cogetur
704 1003 818 1058 reddere
837 1003 941 1057 uoces?

268 1093 385 1150 Ardebit
403 1094 519 1149 miserae
538 1102 603 1163 post
621 1095 737 1151 uulnera
755 1096 854 1151 uulnus
872 1095 997 1153 Elissaei

268 1186 334 1242 Tam
352 1202 460 1242 sacrum
480 1189 602 1243 soluetur
620 1189 710 1257 opus?
729 1194 771 1244 tot
788 1189 869 1257 bella,
880 1197 929 1245 tot
947 1203 1027 1246 enses

269 1279 301 1333 ln
321 1280 427 1336 cineres
445 1280 521 1334 dabit
538 1282 609 1337 bora
626 1296 728 1338 nocens
747 1287 776 1336 et
793 1281 915 1351 perfidus
933 1283 1029 1339 errori

242 1440 244 1448 s
268 1373 330 1427 Huc
345 1373 409 1441 huc,
427 1372 558 1442 Pierides,
576 1374 639 1431 dote
657 1373 770 1430 flumina
790 1383 897 1444 cuncta,
914 1390 1039 1432 sorores:

266 1465 417 1534 Exspirent
434 1466 520 1535 ignes,
538 1467 616 1521 uiuat
634 1469 713 1523 Maro
733 1468 830 1523 ductus
846 1469 947 1538 ubique

267 1553 449 1628 ingratusque
467 1561 509 1614 sui
527 1559 733 1629 studiorumque
751 1561 861 1618 inuidus
879 1562 941 1617 orbi

266 1651 303 1706 Et
321 1650 411 1707 factus
430 1660 495 1721 post
512 1652 570 1708 fata
587 1668 697 1708 nocens.
734 1655 808 1724 quod
824 1657 941 1711 iusserat
957 1654 1004 1712 ille

268 1745 308 1800 Sit
325 1745 449 1800 uetuisse
466 1760 567 1800 meum:
585 1747 653 1802 satis
672 1752 715 1801 est
734 1727 942 1816 post'tempora
957 1747 1041 1802 uitae.

269 1839 352 1894 Immo
371 1838 407 1894 sit
425 1844 565 1895 aeternum
582 1843 640 1895 tota
658 1845 803 1898 resonante
822 1841 939 1897 Camena

267 1932 391 2000 Carmen,
409 1932 481 1986 etin
499 1932 603 2002 populo
620 1933 677 1988 diui
696 1933 746 1987 sub
764 1933 875 1989 numine
894 1949 992 1990 nomeu
1264 1936 1298 1990 35

267 2025 408 2082 Laudatur
425 2025 517 2095 uigeat
533 2026 644 2095 placeat
661 2027 798 2096 relegetur
816 2030 934 2083 ametur!

163 2187 263 2252 edidit
286 2187 343 2253 boc
375 2199 498 2254 carmen
522 2189 647 2253 Riesius
671 2207 708 2253 ex
723 2189 881 2254 codicibus
902 2187 1055 2254 Parisinis
1077 2192 1170 2268 2772,
1197 2192 1291 2268 7927,

163 2300 264 2376 8069,
300 2299 384 2362 8093
407 2315 426 2362 a
446 2316 479 2364 se
500 2304 532 2363 et
554 2299 766 2364 Bernensibus
798 2302 874 2378 165,
908 2301 986 2379 167,
1020 2302 1080 2362 172
1103 2299 1143 2363 ab
1166 2298 1296 2378 Hegeno

161 2407 295 2471 conlatis
318 2411 350 2471 et
371 2408 456 2472 intra
479 2426 558 2474 saec.
575 2409 707 2473 lit-xl
729 2408 864 2490 scriptis.
910 2425 968 2488 ego
990 2409 1058 2489 ipse
1081 2407 1195 2472 librum
1216 2408 1297 2472 cele-

161 2516 331 2581 berrimum
351 2516 540 2583 Uaticanum
563 2522 645 2582 3252
668 2536 748 2584 saec.
771 2517 831 2596 IX,
855 2518 909 2598 qui
933 2517 1007 2582 clim
1030 2517 1140 2583 Bembi
1165 2516 1241 2597 fuit,
1265 2522 1298 2582 et
1405 2554 1408 2560 ·

162 2625 380 2692 Monacensem
411 2631 472 2692 305
504 2646 585 2693 saec.
614 2627 658 2692 XI
686 2628 815 2693 contuli.
859 2627 893 2692 bi
915 2632 1020 2692 autem
1045 2627 1167 2693 codices
1191 2644 1298 2693 omnes

161 2755 284 2802 carmen
305 2743 444 2802 nostrum
473 2741 518 2803 ita
549 2743 583 2802 ut
613 2757 709 2819 supra
733 2737 953 2803 excribendum
976 2738 1100 2818 curaui,
1131 2739 1158 2804 si
1180 2755 1297 2820 paruos

160 2847 312 2929 quasdam
342 2846 535 2914 differentias
567 2849 757 2927 omittimus,
798 2848 943 2912 unanimo
973 2865 1125 2912 consensu
1154 2848 1296 2913 tradunt.

160 2958 269 3039 itaque
297 2957 375 3022 nulli
402 2957 529 3024 obuium
561 2962 609 3024 est
637 2958 844 3038 dubitationi,
876 2957 953 3040 quin
983 2957 1030 3021 illi
1060 2975 1099 3022 ex
1122 2977 1184 3023 uno
1207 2958 1296 3024 sonte

160 3068 296 3132 deriuati
326 3069 399 3134 sint.
444 3067 484 3132 ad
508 3068 591 3133 idem
622 3075 727 3134 autem
758 3085 883 3133 carmen
906 3066 1062 3132 referendi
1086 3073 1159 3134 sunt
1181 3086 1291 3135 uersus

160 3178 192 3242 in
214 3178 320 3243 codice
340 3176 495 3243 Uossiano
524 3183 580 3243 111
607 3196 687 3244 saec.
711 3178 756 3243 lll
776 3182 935 3258 extantes,
970 3177 1025 3259 qui
1049 3178 1133 3261 apud
1156 3177 1296 3244 Riesium

161 3287 310 3370 leguntur
332 3307 362 3370 p.
389 3289 469 3352 112:

264 3447 365 3504 Nescio
383 3446 448 3516 quid
465 3445 585 3516 fugiente
603 3447 700 3516 anima,
712 3461 772 3502 non
791 3452 890 3516 sponte
908 3448 958 3504 sed
976 3448 1039 3504 altis

266 3541 432 3610 Expugnata
448 3540 527 3595 malis
545 3539 609 3595 odio
625 3538 767 3608 languoris
784 3538 872 3608 iniqui

264 3631 384 3688 infertur
402 3632 500 3700 Tyriae
517 3640 582 3700 post
601 3632 716 3688 uulnera
735 3631 833 3686 uulnus
852 3630 985 3688 Elissae?

265 3727 370 3782 Sentiet
386 3725 533 3795 applicitos
550 3725 660 3779 turbata
676 3723 780 3794 Sibylla
797 3739 917 3793 uapores

264 3819 303 3874 Et
319 3821 407 3876 iurata
424 3819 494 3873 mori
511 3831 562 3872 nec
581 3816 690 3886 cingula
707 3817 805 3872 reddet
824 3819 964 3873 Amazon?

265 3913 301 3967 bi
316 3911 429 3967 meliora
445 3911 508 3965 date
526 3925 559 3964 ac
577 3927 686 3966 sensum
703 3917 833 3966 reuocate
850 3917 993 3965 nocentem

247 4033 248 4042 κ
264 4006 344 4076 (Pace
364 4007 416 4060 uiri
434 4004 516 4057 liceat
533 3999 623 4074 tanti),
640 4019 690 4058 nec
709 4003 849 4058 commoda
868 4003 977 4073 linguae

263 4099 364 4154 Diuitis
382 4099 524 4162 intereant,
546 4111 597 4165 per
617 4112 697 4166 quam
715 4097 838 4160 Romana
855 4097 984 4151 iuuentus

264 4195 412 4248 Aeternum
428 4192 525 4246 llorere
542 4195 652 4258 potest:
671 4189 744 4258 quod
761 4190 880 4246 iusserat
898 4189 953 4258 ille,

263 4286 304 4342 Sit
320 4286 439 4340 uetuisse
456 4299 552 4339 meum.
588 4297 650 4337 nam
668 4291 733 4352 port
751 4298 802 4338 sua
819 4290 943 4354 tempora
961 4285 1034 4339 uitae
