3032 5078
738 445 756 506 t

182 613 253 681 dum
277 629 345 679 esse
367 611 466 678 Riesii
496 610 539 696 [p.
565 611 640 696 753]
669 612 854 678 senteutiam
884 629 942 694 per
967 612 1085 678 seiam
1106 613 1255 680 reiculam
1277 612 1317 680 de

182 724 303 807 nuptiis
326 728 361 789 ut
383 723 473 788 siunt
495 723 635 805 innuptis
657 724 709 804 agi
732 722 897 788 censentis.

269 833 338 914 Quo
360 837 505 914 tempore
527 850 651 914 quoque
673 832 765 898 modo
789 830 931 898 Catullus
953 850 1022 899 cnm
1045 833 1158 900 Lesbia
1180 833 1315 899 familia-

183 946 309 1010 ritatem
324 943 516 1009 contraxerit
536 960 592 1008 nos
607 944 670 1008 iam
690 945 852 1024 nescimus,
876 943 937 1008 nisi
961 943 1044 1024 quod
1061 963 1099 1009 ex
1123 963 1148 1010 c.
1164 943 1312 1012 LXVIIIb

183 1074 212 1120 u.
236 1058 314 1132 157,
344 1053 384 1118 de
411 1067 473 1134 quo
505 1053 607 1135 capite
639 1054 733 1119 tertio
769 1071 877 1134 agam,
911 1053 1014 1134 colligi
1037 1059 1142 1135 potest
1165 1056 1315 1122 Auserem

180 1169 307 1247 poetam
336 1163 367 1228 in
396 1161 529 1228 Lesbiae
559 1163 685 1229 domum
718 1163 843 1228 dunlese
871 1163 1112 1230 adulescentem.
1162 1165 1316 1230 restitisse

181 1293 238 1357 per
270 1273 396 1354 aliquod
422 1279 507 1338 certe
540 1279 662 1354 tempus
685 1272 832 1338 feminam
855 1274 961 1355 cupidi
990 1274 1139 1338 amatoris
1161 1276 1314 1356 precibus,

180 1385 236 1467 qui
260 1382 450 1450 carminibus
472 1383 667 1465 maximeque
698 1383 764 1458 illo¹
784 1382 822 1466 [c.
846 1383 901 1466 LI]
928 1383 992 1449 ‘ills
1020 1385 1062 1449 mi
1085 1401 1143 1466 par
1166 1401 1234 1450 esse
1256 1384 1315 1450 deo
1431 1385 1441 1404 “

182 1493 319 1560 uidetur’
340 1511 478 1558 amorem
501 1493 530 1557 ei
552 1492 778 1573 declarauerat,
802 1494 941 1560 ostendit
963 1513 988 1560 c.
1009 1493 1185 1560 LXXXIII:

338 1653 439 1710 Lesbia
457 1653 495 1709 mi
512 1659 657 1724 praesente
673 1651 734 1709 uiro
750 1654 823 1708 mala
839 1652 958 1722 plurima
975 1653 1053 1709 dicit:

389 1749 458 1802 haec
475 1747 516 1802 illi
534 1745 611 1802 latno
629 1746 744 1802 maxima
760 1745 900 1801 laetitiest.

335 1841 418 1909 mule,
436 1839 504 1894 nihil
522 1839 629 1895 sentis?
647 1841 670 1894 si
687 1837 775 1909 nostri
794 1837 880 1894 oblita
899 1843 1012 1907 taceret,

390 1949 458 1989 sana
477 1939 557 1988 esset.
582 1947 655 1986 nunc
673 1931 745 2000 quod
764 1931 859 2002 gannit
876 1938 905 1986 et
922 1931 1088 2000 obloquitur,

336 2043 395 2090 non,
410 2027 498 2081 solum
515 2025 644 2093 meminit,
662 2024 718 2094 sed,
730 2041 806 2102 quae
823 2025 908 2082 multo
926 2025 1016 2080 acrior
1034 2032 1076 2080 est
1093 2040 1147 2093 res,

388 2119 495 2188 iratast,
514 2119 568 2174 hoc
585 2123 635 2186 est,
650 2117 737 2172 uritur
756 2126 784 2174 et
802 2119 935 2188 coquitur.

182 2286 254 2334 nam
284 2266 515 2334 nihilomnino
546 2266 651 2332 obstat
680 2267 845 2347 quominus
878 2265 934 2331 bos
957 2283 1067 2332 uersus
1096 2265 1314 2346 intellegamus

182 2379 222 2444 de
236 2377 351 2443 Lesbia
374 2384 486 2459 poetae
501 2395 638 2442 amorem
661 2378 774 2443 iterum
792 2377 969 2456 iterumque
998 2374 1139 2457 professo
1164 2373 1315 2440 subirato.

181 2488 249 2568 ipse
281 2492 385 2552 autem
414 2492 509 2569 poeta
537 2487 675 2552 nondum
698 2487 730 2551 in
750 2503 856 2551 amore
892 2492 1003 2568 putens
1029 2487 1156 2566 quantis
1178 2485 1317 2550 aestibus

186 2599 320 2664 iactatus
341 2598 382 2663 sit
405 2615 430 2664 c.
451 2595 599 2662 LXVIIIb
623 2614 653 2660 u.
677 2599 803 2661 53-56
828 2594 983 2661 declarat:

388 2753 449 2794 cum
462 2745 567 2795 tantum
584 2734 707 2793 ardorem
727 2743 856 2807 quantum
875 2736 1019 2793 Trinacria
1036 2753 1121 2806 rupes

457 2832 623 2903 lymphaque
640 2831 669 2886 in
689 2831 798 2887 Oetaeis
816 2831 902 2887 Malia
919 2830 1116 2901 Thermopylis,

387 2931 492 2982 maesta
508 2940 597 2994 neque
614 2924 725 2981 assiduo
744 2925 888 2982 tabescere
907 2924 1012 2994 pupula
1029 2922 1095 2980 fletu

460 3025 580 3074 cessaret
597 3018 724 3086 tristique
741 3016 827 3074 imbre
845 3018 957 3074 madere
975 3033 1068 3087 genae.

270 3147 345 3213 Mox
368 3147 482 3214 Lesbia
503 3146 620 3214 Catulli
648 3165 785 3213 amorem
808 3166 914 3215 amors
935 3149 1127 3231 respondens
1147 3146 1241 3213 fidem
1263 3166 1316 3212 ru·

183 3259 231 3341 pit
254 3257 378 3324 marito.
424 3261 456 3323 et
476 3258 577 3341 primo
605 3257 731 3339 quidem
760 3258 843 3340 quod
873 3259 905 3323 in
934 3277 1042 3324 sorum
1074 3276 1179 3325 amore
1206 3275 1317 3340 seque-

182 3370 276 3435 batur
298 3369 433 3450 tempori
456 3374 565 3454 aperte
587 3368 789 3434 attribuenda
811 3373 885 3433 sunt
907 3370 1045 3436 carmina
1067 3368 1099 3433 11
1124 3371 1241 3450 ‘passer
1263 3368 1318 3433 de·

183 3479 276 3544 liciae
298 3497 386 3544 meae
406 3479 558 3561 puellae'3
588 3479 635 3544 III
658 3480 772 3560 ‘lugete
800 3497 818 3543 o
841 3477 981 3545 Ueneres
1004 3479 1264 3561 Cupidinesqne’3
1290 3479 1315 3543 V

184 3591 346 3669 ‘uiuamus
368 3607 437 3655 mea
451 3590 573 3670 Lesbia,
600 3594 694 3672 atque
716 3589 883 3686 amemus'j
906 3589 966 3654 VII
989 3589 1123 3671 ‘quaeris
1142 3595 1219 3671 quot
1241 3589 1317 3655 mihi

184 3699 393 3766 basiatIones’.
438 3706 606 3782 aperuerat
635 3705 740 3765 antem
771 3699 949 3764 amantibus
972 3700 1097 3765 domum
1119 3715 1223 3782 suam,
1255 3717 1317 3780 quo

183 3810 387 3876 conuenirent
409 3815 652 3892 exercerentque
674 3828 813 3890 amores,
837 3809 938 3875 Allius
961 3810 1104 3892 quidam,
1136 3810 1187 3874 nir
1208 3810 1317 3892 procul

182 3920 278 3986 dubio
294 3919 393 3986 nobili
409 3938 523 4002 genere
536 3926 623 3986 ortus
638 3920 691 4006 [ci.
703 3918 849 3986 LXVIIIl
869 3924 909 3984 50
926 3924 958 3985 et
977 3917 1187 4001 Wsstpbelius
1204 3939 1233 4001 p.
1251 3919 1316 4003 97].

183 4032 233 4096 cui
255 4032 370 4096 amoris
392 4031 460 4096 ueri
483 4029 594 4098 florido
616 4030 795 4098 cambrane
817 4047 873 4112 per
896 4035 1018 4110 tempus
1038 4030 1219 4095 indulsisset
1242 4048 1316 4111 poe-

182 4146 224 4220 ta,
248 4142 363 4207 accidit
382 4148 418 4236 nt
440 4140 539 4207 lrstar
568 4142 636 4207 sius
664 4141 779 4208 acerbo
805 4139 871 4205 fato
899 4145 1075 4222 raperetur.
1121 4159 1183 4221 quo
1207 4139 1317 4205 dolore

182 4253 344 4334 perculsus
367 4250 510 4318 Catullus
530 4251 598 4316 siue
617 4253 719 4334 patris
742 4251 846 4318 orbati
869 4250 1050 4316 consolandi
1072 4251 1140 4317 siue
1170 4251 1248 4316 urbs
1269 4267 1318 4314 re·
