3032 5078
746 406 787 466 70

197 575 257 642 hcc
279 576 361 640 enim
384 575 486 658 ipsum
509 576 553 639 ‘ut
575 573 715 656 pereant'
739 591 800 639 nnn
816 572 921 640 hercle
944 574 1032 655 eguit
1048 571 1156 640 addita
1180 573 1216 638 ‘si
1232 574 1334 640 dicere

197 684 245 751 las
268 685 333 751 est'.
379 684 433 751 sed
465 685 497 749 id
528 685 611 766 quad
645 685 712 767 ipse
746 690 865 770 auctor
892 684 1046 766 perdendi
1083 682 1189 748 extitit
1224 702 1333 750 enasor

196 797 302 880 potnit
321 796 435 879 aliquis
459 811 521 859 nen
546 794 614 860 sine
636 793 767 861 herrore
790 792 887 860 effari.
934 793 1042 874 itaque
1064 793 1263 860 scribendum
1286 800 1334 860 est

198 900 284 966 ‘haec
305 898 392 964 dedit
410 907 450 968 ιιι
465 909 603 986 pereant
625 904 702 986 ipso,
730 905 757 969 si
780 901 885 970 dicere
907 902 957 968 fas
981 902 1054 984 est’;
1079 901 1118 968 ei.
1142 901 1333 970 Claudianus

197 1009 249 1094 [de
267 1009 351 1077 land.
375 1011 443 1078 Stil.
467 1013 499 1078 II
518 1013 594 1099 256]
619 1013 679 1080 ‘hic
696 1031 820 1097 qunque
842 1013 956 1080 uicinis
978 1016 1111 1095 pereunt
1113 1030 1161 1078 em
1177 1018 1252 1095 gent
1239 1014 1332 1080 tibus'

196 1124 229 1186 et
251 1117 390 1204 Sulpicia
413 1121 457 1207 [ιι.
480 1123 567 1208 60]*
569 1125 726 1207 qnondam
750 1125 824 1191 dum
853 1123 950 1208 Lydis
973 1121 1104 1206 Smyrna
1125 1123 1269 1204 peribat’.
1291 1161 1332 1171 -

196 1249 227 1295 n.
253 1235 378 1297 19-22
401 1233 447 1297 ila
469 1231 638 1300 traditP:

298 1363 406 1421 auferat
422 1381 477 1421 una
494 1365 571 1435 dille
589 1365 764 1434 cruciataque
780 1366 902 1436 pectilia
920 1364 1024 1421 frustra

298 1455 326 1512 id
346 1459 461 1514 cinerem
481 1459 554 1514 ferut
573 1473 623 1516 ora
641 1473 742 1514 nocens
760 1458 784 1512 si
801 1458 895 1526 hagae
910 1457 1025 1528 loquuta
1041 1461 1083 1512 eat

297 1550 391 1605 nescio
410 1551 475 1620 quid
494 1549 617 1621 fugiente
634 1553 723 1606 anima
739 1566 794 1605 non
813 1558 911 1620 sponte
929 1557 957 1606 et
975 1549 1047 1606 altis.

196 1668 314 1735 omittit
336 1669 432 1750 igitar
458 1668 604 1736 Puerba
628 1675 667 1736 19
700 1672 918 1754 ‘supremaque
939 1670 1037 1736 uerba
1059 1669 1200 1752 parentis
1225 1705 1264 1716 -
1290 1672 1326 1732 21

198 1780 259 1844 iarn
282 1784 383 1845 morte
404 1781 503 1862 piger'
528 1785 560 1846 el
575 1780 685 1846 horum
709 1781 840 1846 duorum
864 1798 1011 1847 uersuum
1033 1779 1101 1845 lnce
1124 1796 1218 1843 unum
1241 1795 1332 1860 prae·

197 1889 251 1954 bet
273 1908 408 1973 eumque
429 1908 581 1957 mancum.
627 1910 730 1973 neque
759 1891 841 1956 enim
871 1890 925 1956 illa
949 1890 991 1956 ‘id
1013 1890 1149 1955 cinerem
1172 1888 1256 1954 ferut
1278 1897 1332 1953 ora

195 2000 318 2067 nocens'
342 2002 477 2067 cumeis
501 2020 582 2083 qnae
606 2001 800 2085 praecedunt
824 2001 1034 2082 ‘cruciataque
1056 2005 1185 2083 pectora
1205 1999 1331 2064 frustra’

196 2111 256 2198 (ita
278 2112 359 2176 enim
381 2111 555 2194 supplenda
570 2111 718 2178 uidentur
735 2128 818 2193 quae
840 2129 921 2178 nune
943 2111 1005 2192 legi
1027 2129 1087 2176 ncn
1101 2110 1245 2193 possunt)
1219 2109 1330 2174 tullo

194 2222 287 2287 modo
310 2220 487 2288 cohaerent.
534 2240 572 2288 ex
573 2227 643 2287 tant
667 2228 724 2286 aut
726 2239 774 2287 em
802 2221 901 2286 uerba
928 2221 969 2285 ‘id
992 2222 1128 2286 cinerem
1150 2220 1255 2287 lerunt
1277 2236 1333 2285 cra

194 2332 317 2398 naeens’
347 2319 441 2414 paulo
472 2332 628 2398 emendat
606 2337 689 2398 trare
720 2331 752 2396 in
783 2330 904 2398 Blocc
930 2331 1024 2413 plane
1055 2331 1117 2396 alio
1150 2349 1179 2395 n.
1204 2334 1254 2410 28,
1278 2331 1333 2412 qui

195 2442 281 2508 locus
301 2442 332 2507 in
361 2440 505 2508 Pdeest.
551 2447 661 2508 eontra
691 2441 789 2508 uerba
819 2441 1029 2523 ‘cruciataque
1051 2446 1180 2523 pectora
1200 2439 1327 2507 frustra’

195 2553 227 2617 in
251 2550 282 2615 B
304 2551 532 2618 desiderantur.
579 2551 724 2633 equidem
754 2557 791 2617 ut
813 2553 925 2616 mirum
947 2551 1035 2616 illum
1057 2551 1089 2614 in
1112 2549 1255 2631 utrisque
1278 2569 1327 2615 co-

197 2661 318 2727 dicibus
338 2661 493 2728 defectum
516 2666 585 2727 arte
612 2679 649 2728 ac
676 2663 800 2727 ratione
823 2662 987 2744 explicem,
1018 2660 1056 2725 ad
1082 2661 1211 2728 eandem
1234 2663 1344 2743 quam

196 2772 258 2837 iam
287 2790 383 2855 supra
413 2770 541 2838 adhibui
571 2773 863 2855 interpretationem
896 2771 1058 2852 coniugio,
1093 2786 1204 2853 nempe
1231 2771 1328 2837 luisse

195 2899 320 2947 uersum
342 2883 430 2947 illum
461 2884 671 2964 ‘cruciataque
700 2887 828 2965 pectora
852 2881 971 2948 frustra
994 2932 1096 2946 .....
1100 2882 1108 2910 ’
1132 2883 1162 2947 in
1186 2884 1327 2964 margine

195 2993 346 3058 additum.
391 2995 535 3076 peccauit
564 2997 669 3058 autem
693 2993 853 3074 archetypi
884 2993 1032 3059 librarius
1062 3011 1099 3057 eo
1121 2994 1222 3074 quod,
1253 2994 1325 3058 dum

194 3101 328 3183 margini
341 3102 516 3185 adscripsit,
540 3103 636 3168 oculis
658 3103 697 3166 ad
721 3103 865 3168 carminis
888 3108 1066 3170 contextum
1091 3103 1241 3168 aberrans
1264 3104 1326 3168 illis

195 3214 285 3276 ‘cruc
316 3216 397 3292 pect.
428 3211 477 3276 ir!
513 3213 607 3294 plane
638 3212 742 3277 aliena
770 3213 951 3280 admiscuit:
976 3214 1123 3296 ¹genuina
1152 3215 1249 3295 igitur
1271 3233 1326 3280 au-

193 3323 289 3388 ctoris
311 3321 409 3393 uerba
430 3327 501 3404 pest
525 3325 616 3388 ‘eruc
632 3328 713 3405 pect.
728 3323 776 3388 ιι)
797 3324 929 3401 periisse
943 3325 1144 3390 statuendum
1161 3329 1236 3389 est..
1263 3343 1324 3388 nun

190 3434 287 3498 aliam
310 3439 414 3498 autern
445 3434 483 3499 ob
515 3451 640 3498 causam
669 3434 771 3500 uerba·
789 3435 844 3500 illa
873 3437 903 3499 in
928 3434 1097 3517 archetypo
1120 3439 1193 3500 sunt
1215 3436 1324 3501 addita

193 3561 286 3626 quarn
311 3543 394 3626 quod
417 3543 536 3610 librarii
553 3546 688 3626 quadam
712 3546 910 3627 neglegentia
924 3545 1070 3628 primitus
1087 3545 1201 3610 omissa
1224 3551 1322 3612 erunt.

192 3655 254 3720 iam
278 3655 305 3718 si
323 3655 502 3735 quaerimus
517 3673 610 3736 quem
633 3656 663 3720 in
688 3657 825 3722 carmine
839 3663 945 3722 nostro
961 3655 1061 3720 lucum
1081 3655 1141 3719 sibi
1164 3657 1325 3722 uindicent

191 3765 254 3844 illa,
279 3765 358 3829 bene
380 3772 528 3847 reeteque
550 3771 621 3847 post
642 3767 740 3830 uerba
764 3767 799 3830 ‘si
822 3765 903 3831 forle
919 3785 1097 3847 supremum
1119 3767 1239 3831 errauit
1261 3768 1323 3832 iam

191 3881 291 3940 morte
313 3876 412 3957 piger'
442 3877 537 3941 inseri
560 3879 724 3943 uidentur:
752 3896 823 3942 nanu
854 3877 938 3958 quod
968 3877 999 3941 in
1023 3877 1156 3957 Uergilii
1178 3879 1322 3942 morituri

191 3987 327 4066 imagine
349 3988 430 4052 iusto
461 3986 579 4051 diutius
602 3994 809 4054 commoratus
829 3993 891 4067 est,
924 4005 985 4052 non
1010 4004 1104 4067 aegre
1128 3985 1265 4053 feremus
1289 3989 1320 4053 in

190 4101 285 4179 poeta
306 4097 401 4179 paulo
423 4097 610 4177 loquaciora.
