3032 5078
715 471 751 530 31

254 639 341 703 Haeo
363 636 507 717 exempla
538 638 696 718 simulque
717 638 789 704 libri
815 639 845 701 0
874 637 1011 702 indolem
1035 641 1089 719 qui
1112 640 1209 722 probe
1231 659 1302 723 per-

166 751 322 832 penderit,
347 751 374 813 is
395 767 455 813 non
479 748 596 828 poterit
619 767 680 812 non
705 748 839 812 transire
861 749 890 812 in
915 767 1001 813 mens
1024 755 1131 830 partes
1157 752 1187 813 0
1201 751 1301 815 multo

166 861 286 925 maiore
302 878 373 924 cum
387 856 449 923 fide
464 875 559 938 quam
575 858 606 921 G
617 857 648 920 D
663 858 867 942 archetypum
885 859 974 922 nobis
993 861 1126 924 reddere
1138 861 1300 926 censentis.

165 970 352 1035 iamdudum
378 969 493 1048 autem,
517 970 577 1032 nisi
604 967 712 1047 fallor,
742 971 878 1034 miratus
910 987 943 1033 es
971 969 1060 1034 illum
1090 976 1137 1034 tot
1161 970 1300 1034 locorum
1363 1015 1368 1022 ·

164 1081 283 1144 11111111
305 1098 342 1144 ex
370 1078 400 1142 V
416 1080 644 1161 descriptorum
669 1081 701 1144 in
728 1079 758 1143 G
781 1086 813 1144 et
836 1078 870 1143 D
890 1097 1082 1145 eonsensum.
1128 1087 1160 1145 et
1182 1086 1218 1144 ut
1236 1086 1300 1145 sta-

165 1193 225 1256 tim
247 1209 350 1255 meom
372 1191 562 1254 sententiam
585 1191 743 1271 aperiam:
778 1209 816 1256 ex
845 1191 933 1255 nullo
954 1191 1016 1255 alio
1039 1190 1126 1256 fonte
1145 1210 1241 1272 quom
1263 1211 1300 1256 ex

167 1303 235 1383 ipso
262 1300 292 1364 G
314 1299 472 1365 fluxerunt
495 1301 667 1365 deteriores
683 1317 762 1380 quos
781 1300 909 1380 quidem
926 1302 1072 1366 nouimus
1093 1301 1166 1366 libri
1184 1321 1300 1368 omnes.

165 1429 269 1494 neque
291 1417 395 1477 tamen
428 1410 459 1472 D
488 1429 545 1492 pro
575 1428 609 1475 se
639 1411 773 1491 quisque
806 1429 844 1475 ex
877 1411 924 1492 G,
954 1414 1008 1478 sed
1038 1431 1145 1478 omnes
1176 1432 1214 1477 ex
1237 1433 1299 1478 uno

167 1522 341 1603 eodemque
364 1523 431 1587 eius
454 1520 635 1604 apographo
659 1521 812 1601 originem
828 1521 995 1587 duxerunt.
1041 1525 1124 1605 quod
1147 1526 1224 1589 setis
1247 1526 1300 1589 de-

168 1637 363 1696 monstratur
385 1632 460 1698 11111
481 1631 565 1696 haud
585 1631 702 1712 paucis,
727 1630 841 1711 quibus
867 1630 899 1694 D
919 1638 1028 1698 contra
1053 1634 1123 1697 OG
1145 1636 1177 1699 iu
1193 1635 1300 1700 iectio-

168 1743 262 1807 nibus
284 1744 498 1807 consentiunt:

208 1852 253 1916 XI
276 1857 295 1916 3
319 1852 375 1916 ‘ut'
403 1852 491 1915 GO:
517 1851 590 1916 ‘ubi'
615 1850 648 1915 D
671 1868 709 1914 ex
731 1851 983 1932 interpolatione.

227 1997 242 2030 n
279 1965 297 2025 6
322 1961 437 2042 ‘sagax'
464 1961 495 2025 G
509 1963 555 2026 0:
581 1962 691 2042 ‘sagas’
717 1959 750 2024 D
772 1967 866 2026 recte.

225 2121 241 2153 „
283 2077 322 2136 10
347 2071 471 2136 ‘uisens'
499 2071 615 2138 GOd:
642 2072 771 2137 ‘uidens’
796 2073 829 2132 D
851 2090 959 2154 praue

206 2182 296 2248 XXII
318 2187 338 2246 4
360 2186 445 2265 ‘puto
468 2201 536 2247 esse
560 2183 627 2262 ego'
654 2181 774 2247 GOd:
800 2187 886 2265 ‘puto
908 2201 966 2263 ego
985 2184 1063 2248 esse¹
1087 2182 1121 2247 D
1140 2203 1248 2266 praue.
1294 2169 1300 2184 ⁸

208 2293 310 2358 XXXI
335 2297 373 2357 13
397 2292 518 2373 ‘gaude'
543 2292 631 2359 GO:
657 2293 811 2374 ‘gaudete’
835 2291 870 2357 D
892 2298 985 2358 recte.
1364 2273 1367 2278 ¹

207 2402 371 2469 XXXVIII
392 2406 410 2464 2
433 2401 559 2486 malost]
586 2403 677 2468 ‘male
706 2403 742 2468 si’
770 2403 857 2469 GO:
883 2403 976 2468 ‘mule
1008 2411 1056 2469 est
1083 2405 1121 2469 si’
1146 2405 1179 2468 D
1201 2406 1298 2472 inter-

394 2513 508 2594 potate.

208 2623 296 2689 XLII
321 2628 359 2688 15
385 2625 501 2687 ‘tamen
517 2623 576 2688 hoe
591 2623 677 2687 satis'
702 2624 791 2690 GO:
817 2627 933 2690 ‘tamen
954 2626 1031 2690 sotis
1054 2623 1122 2691 hoc'
1140 2625 1173 2688 D
1188 2645 1297 2708 praue.

209 2733 234 2798 L
258 2739 299 2798 20
323 2733 486 2815 ‘reposcat’
515 2733 544 2796 G
556 2734 608 2834 Or
627 2734 777 2816 ‘reponat'
803 2733 836 2798 D
858 2752 966 2817 praue.

208 2844 281 2910 LXI
307 2849 366 2910 119
391 2842 459 2908 ‘hac
478 2842 546 2908 tibi'
573 2843 661 2907 GO:
688 2849 734 2910 ‘oc
756 2844 823 2910 tibi’
848 2843 881 2908 D
903 2849 998 2910 recte.

232 2992 248 3024 n
305 2959 365 3018 176
391 2953 503 3018 ‘adeat’
527 2953 615 3019 GO:
639 2955 775 3020 ‘adeant’
798 2955 831 3020 D
853 2955 940 3020 false.

210 3065 297 3130 LXII
321 3069 360 3128 59
386 3063 474 3128 ‘uiro'
499 3064 571 3128 G0
592 3082 663 3128 cum
692 3063 735 3128 T:
761 3066 871 3148 ‘uirgo'
894 3069 927 3128 D
949 3083 1056 3148 praue.

208 3174 310 3238 LXIII
335 3179 374 3238 10
398 3172 553 3254 ‘quatiens
576 3175 670 3256 quod'
697 3175 728 3239 G
741 3173 819 3241 od:
845 3176 1073 3258 ‘quatiensque’
1096 3177 1131 3242 D
1153 3185 1246 3245 reete.

209 3284 308 3349 LXIV
332 3288 393 3348 213
419 3285 532 3365 ‘egens'
560 3284 646 3349 GO:
669 3285 802 3365 ‘aegeus'
828 3283 977 3356 Dreete.

253 3431 269 3464 n
332 3397 393 3458 324
418 3394 515 3476 ‘opus’
541 3393 630 3459 GO:
656 3395 743 3476 ‘opis'
768 3393 802 3458 D
823 3399 917 3460 recte.

211 3506 311 3571 LXVI
334 3509 373 3569 85
399 3504 520 3569 ‘colitis
546 3505 617 3568 G0
638 3511 737 3569 recte:
765 3505 936 3586 ‘quaeritis'
960 3505 992 3570 D
1012 3506 1154 3588 (petitis
1177 3505 1226 3591 d).

209 3616 326 3681 LXVII
349 3620 386 3680 12
409 3614 520 3678 ‘istius’
545 3614 631 3678 GO:
657 3615 730 3678 ‘isti'
754 3613 788 3678 D
811 3615 1009 3696 interpolate.

211 3725 342 3791 LXVIII
365 3729 403 3789 37
429 3724 512 3789 ‘noli’
537 3724 620 3788 GO:
643 3723 759 3788 ‘nolim’
784 3722 818 3787 D
840 3730 933 3790 11111.

268 3872 283 3905 „
360 3839 398 3899 91
424 3833 542 3898 ‘irater'
569 3833 683 3900 God:
708 3833 820 3900 ‘fratri’
848 3835 879 3899 D
901 3841 995 3901 recte.

267 3996 282 4028 „
359 3949 399 4009 93
427 3943 596 4023 ‘adeptum’
623 3944 711 4008 GO:
738 3945 941 4027 ‘ademptum'
968 3946 999 4009 D
1020 3952 1113 4013 reete.

207 4055 338 4120 LXXIII
360 4059 381 4117 4
403 4053 521 4118 ‘taedet
548 4053 709 4136 obestque'
732 4055 819 4121 GO:
843 4056 960 4121 ‘taedet
976 4055 1111 4136 stetque’
1135 4053 1170 4119 D
1188 4075 1296 4138 praue.

208 4165 338 4230 LXXVI
363 4169 398 4229 11
426 4164 492 4245 ‘qui
515 4163 562 4227 tui
584 4199 624 4212 -
647 4163 796 4230 offirmas'
824 4166 912 4230 GO:
939 4167 1002 4246 ‘qui
1025 4171 1061 4230 tu
1082 4201 1125 4213 -
1147 4165 1296 4234 affirmes’

394 4273 428 4338 D
451 4272 649 4356 interpolate.
