3032 5078
657 514 659 530 =
765 489 783 548 6

208 655 353 721 Lesbiam
380 673 472 722 unam
508 676 527 722 a
558 675 592 722 se
628 673 702 721 uere
733 661 868 721 amatam
902 674 970 722 esse
1000 654 1178 722 diffidamus
1209 674 1342 737 cumque

209 766 295 832 nulla
305 771 449 832 occurrat
462 766 586 846 femina,
598 767 740 848 adquam
754 757 878 832 carmen
887 765 1033 832 LXVIIIb
1048 765 1168 832 referre
1177 767 1341 848 possimus,

210 895 278 942 meo
301 876 378 941 mibi
401 877 469 942 iure
490 877 647 942 sententia
669 896 776 943 eorum
799 883 884 943 stare
907 878 1016 942 uideor
1038 877 1090 958 qui
1117 875 1254 958 puellam
1277 893 1343 940 car-

210 988 293 1051 mine
325 985 379 1052 illo
412 985 601 1051 celebratam
633 1005 701 1053 esse
729 988 873 1053 Lesbiam
903 988 1059 1054 dixerunt.
1104 1004 1177 1050 nam
1203 985 1343 1050 Riesium

209 1096 287 1162 haec
307 1095 349 1180 [p.
367 1093 655 1179 remunerantem:
687 1097 731 1163 ’es
745 1083 886 1164 berrscht
905 1097 973 1162 hier
995 1098 1044 1162 ein
1067 1097 1130 1162 viel
1146 1095 1344 1162 lisslicherer

211 1208 287 1288 Tan,
311 1205 463 1272 vialmehr
485 1206 537 1271 die
560 1204 743 1288 Gesinnung
763 1208 818 1272 des
842 1207 943 1272 ‘leben
964 1206 1028 1271 und
1046 1205 1138 1271 leben
1160 1195 1273 1272 lasscn'
1296 1207 1343 1271 als

210 1318 282 1383 dass
305 1335 338 1382 es
360 1316 426 1382 sich
449 1333 505 1380 ans
529 1316 587 1414 der
606 1316 676 1381 Zeit
700 1317 755 1381 dar
777 1317 900 1382 heissen
918 1315 1013 1381 Liebe
1033 1335 1072 1381 zu
1093 1315 1207 1382 Lesbia
1230 1316 1343 1382 heraus
1423 1329 1432 1344 ⁸

208 1425 305 1494 leicht
325 1425 471 1492 erbliiren
502 1425 567 1490 und
596 1427 653 1490 mit
684 1427 754 1491 dem
777 1427 842 1490 Tnn
873 1429 931 1492 der
960 1426 1097 1492 anderen
1129 1426 1343 1492 Lesbialieder

210 1537 391 1618 vereinigan
412 1535 498 1600 liese’
521 1535 599 1600 nihil
622 1536 715 1617 plane
736 1555 857 1618 m0r0r3
882 1555 953 1602 nam
967 1555 1095 1619 prorsus
1116 1537 1208 1602 aliter
1231 1538 1270 1603 de
1284 1531 1364 1604 noc

211 1648 349 1712 carmine
372 1650 404 1711 et
426 1663 483 1726 ego
505 1646 657 1712 sentinet
678 1648 928 1714 senseruutalii.

297 1755 364 1822 His'
377 1756 558 1839 praemissis
589 1757 650 1822 iam
680 1757 759 1822 nihil
788 1759 892 1823 obstat
914 1758 1079 1841 quominus
1112 1756 1245 1822 Lesbiae
1275 1776 1344 1823 cum

181 1935 185 1946 ,
211 1865 334 1932 Catullo
352 1885 489 1932 amorem
505 1867 681 1931 accuratius
697 1886 930 1948 persequamur.
976 1868 1072 1934 fnisse
1096 1886 1163 1933 eam
1183 1867 1343 1933 mulierem

213 1982 343 2059 nuptam
366 1977 435 2059 ipse
456 1976 723 2059 pnetasignificat
745 1997 769 2044 c.
792 1977 951 2060 vassla
975 1998 1004 2043 u.
1030 1984 1163 2060 blsqq.:

366 2123 430 2162 nam
447 2109 513 2163 mihi
532 2124 613 2177 quarn
631 2109 735 2166 dederit
755 2111 856 2180 duplex
873 2111 1036 2168 Amathusia
1056 2127 1148 2167 euram

436 2201 511 2256 scitis
530 2203 602 2256 etin
622 2218 675 2270 quo
694 2218 737 2258 me
756 2203 886 2264 torruerit
904 2220 1013 2274 genere,

366 2310 427 2349 cum
444 2301 548 2352 tantum
566 2294 690 2351 arderem
708 2302 836 2365 quantum
854 2297 993 2352 Trinacria
1009 2313 1093 2368 rupes
1111 2312 1169 2367 eqs.

212 2415 246 2479 in
265 2413 315 2479 his
343 2431 445 2496 neque
475 2433 529 2480 cur
552 2415 661 2480 dolosa
690 2416 798 2480 audiat
820 2415 927 2482 Uenus
950 2417 1161 2500 intellegimus
1183 2435 1285 2500 neque
1308 2418 1344 2482 il-

213 2525 268 2590 lud
293 2527 363 2606 ‘quc
387 2524 419 2589 in
441 2525 566 2606 genere’
590 2526 667 2591 satis
690 2530 764 2606 apte
786 2527 923 2608 positum
946 2533 1007 2609 est,
1040 2529 1100 2594 nisi
1123 2529 1257 2596 exclusis
1278 2528 1345 2594 uul-

150 2623 152 2625 ’
211 2635 339 2718 garibus
365 2636 481 2702 amoris
510 2636 694 2716 generibus,
729 2637 849 2703 scilicet
886 2639 918 2704 in
956 2639 1077 2721 puellas
1108 2640 1260 2726 ingenuas
1290 2643 1345 2706 aut

191 2746 376 2830 libertinas
397 2751 453 2810 aut
468 2763 591 2827 pueros,
616 2746 768 2828 singulari
786 2748 922 2828 quodam
942 2767 1056 2829 amore,
1073 2749 1192 2815 scilieet
1212 2749 1345 2814 feminae

212 2861 346 2938 nuptae,
378 2874 412 2920 se
435 2853 659 2920 inflammatum
682 2856 761 2921 dixit
783 2861 885 2937 poeta.
930 2859 1012 2940 quod
1035 2857 1177 2925 firmatur
1200 2860 1245 2926 eis
1265 2875 1345 2942 quae

213 2972 364 3031 secuntur
386 2984 414 3030 u.
441 2969 595 3047 143sqq.:

420 3121 472 3164 nee
488 3113 578 3162 tamen
595 3106 643 3162 illa
659 3107 724 3162 mihi
741 3107 839 3164 dextra
855 3110 971 3166 deducta
988 3099 1104 3181 paterna

487 3199 652 3269 fragrantem
669 3202 784 3271 Assyrio
801 3185 877 3258 uenit
896 3205 982 3260 odore
1001 3206 1117 3274 domum,

419 3295 469 3350 sed
485 3293 588 3349 furtiua
605 3288 680 3349 dedit
696 3302 772 3352 muta
788 3299 949 3354 munuscula
969 3307 1050 3356 necte

486 3388 571 3458 ipsius
590 3403 624 3442 ex
641 3388 703 3456 ipso
720 3389 829 3458 dempta
847 3391 899 3446 uiri
917 3392 1030 3460 gremio,

210 3519 467 3601 conuinciturque
490 3519 556 3586 leco
576 3518 782 3601 Properliane
805 3519 865 3604 [111
881 3525 931 3600 32,
948 3525 988 3586 87
998 3521 1068 3605 sq.]‚
1092 3522 1179 3587 cuius
1202 3520 1266 3586 uim
1289 3520 1345 3585 ad·
1452 3565 1456 3572 -

211 3630 271 3695 huc
294 3648 354 3695 nnn
376 3633 603 3713 perspexerunt
626 3629 686 3693 uiri
710 3630 810 3695 docti:

418 3757 488 3814 haec
501 3771 614 3827 ,guoque
631 3755 726 3810 lasciui
746 3762 889 3811 cantarunt
907 3758 1009 3825 scripta
1028 3757 1137 3828 Catulli,

407 3927 410 3934 1
485 3847 668 3918 Lesbia-quis
686 3849 748 3918 ipsa
764 3849 855 3905 notior
872 3854 914 3904 est
931 3849 1045 3907 Helena.

208 3982 377 4048 numquam
406 3964 546 4047 proiecto
577 3963 760 4044 Propertius
788 3962 933 4028 Lesbiam
975 3983 1044 4030 cum
1071 3949 1205 4031 ¹Helena
1231 3939 1355 4048 ¹pntius'

209 4092 303 4155 quam
331 4093 400 4140 cum
424 4075 487 4140 alia
515 4075 651 4156 quadam
673 4072 801 4138 hercinia
823 4080 1049 4156 comparasset,
1083 4075 1144 4140 nisi
1165 4075 1220 4140 illa
1245 4080 1345 4158 nupta

208 4185 379 4266 eademque
400 4185 514 4252 celebri
535 4185 601 4250 loen
618 4191 688 4249 orta
710 4182 829 4248 fuisset.
853 4184 966 4265 quibus
981 4185 1074 4249 simui
1091 4190 1224 4266 apparet
1245 4202 1264 4248 a
1283 4183 1345 4250 Oa·

210 4295 281 4361 tulli
305 4295 410 4361 uerbis
433 4295 495 4360 iliis
520 4295 628 4378 ‘ipsius
651 4313 689 4364 ex
711 4294 779 4376 ipsc
797 4295 924 4377 dempta
946 4295 1007 4358 uiri
1030 4295 1158 4377 gremin’
1182 4313 1345 4362 remanen-
