3032 5078
264 596 340 660 ibtd.
367 599 444 660 184:

398 719 543 782 praeterea
560 713 634 770 nullo
652 715 727 782 litus,
745 714 804 767 sola
822 713 921 778 insula,
939 719 1021 767 tecto.

175 862 277 925 neque
310 844 393 908 ‘litus
424 843 508 909 nullo
545 849 626 908 tecto
658 843 714 907 est'
745 843 843 908 latine
874 843 989 908 dicitur
1019 859 1119 924 neque
1148 841 1211 905 illis
1240 840 1316 905 ‘sola

175 954 289 1020 insula’
320 954 399 1018 bene
430 954 668 1034 disrumpuntur
700 955 798 1020 uerba
821 953 1029 1019 cohaerentia.
1074 953 1163 1017 uaria
1195 950 1317 1031 excogi-

175 1069 326 1153 taueruut
349 1065 409 1128 oiri
432 1065 532 1128 docti:
564 1063 640 1126 milri
663 1063 805 1129 Catullus
837 1065 960 1129 dedisse
993 1065 1120 1130 uidetur
1143 1065 1317 1144 ‘praeterea

175 1174 295 1238 andum
325 1174 416 1254 litus,
449 1175 515 1240 sola
543 1174 647 1238 insula'
676 1175 779 1240 tecto’.
824 1179 908 1239 recte
938 1176 1043 1238 autem
1074 1173 1174 1238 ‘tecto’
1197 1192 1258 1237 uox
1281 1180 1317 1237 ut

175 1305 196 1350 a
220 1285 374 1364 ‘nudoru',
406 1285 450 1348 ita
473 1303 492 1348 a
516 1285 600 1349 ‘sola'
629 1285 758 1366 pendet,
790 1287 907 1366 quippe
936 1285 1019 1366 quod
1046 1283 1206 1350 ‘desolata'
1230 1285 1316 1349 uocis

179 1391 438 1476 significationem
461 1402 583 1476 aequet.

263 1504 338 1570 ibid.
362 1508 423 1568 212
447 1523 510 1586 sq.:

398 1645 515 1698 namque
532 1629 625 1686 ferunt
643 1630 714 1699 olim,
734 1641 826 1686 castae
847 1646 906 1685 cum
925 1633 1031 1685 moenia
1048 1631 1127 1686 diuae
1152 1621 1155 1630 ’

397 1723 565 1792 linquentem
584 1731 694 1792 gnatum
712 1725 803 1780 uentis
822 1726 998 1781 concrederet
1015 1728 1132 1794 Aegeus.

179 1862 324 1944 displicet
344 1862 551 1927 concredendi
582 1862 767 1928 uocabulum
790 1864 876 1930 uitae
896 1863 1073 1929 cotidianae
1097 1863 1196 1942 magis
1221 1879 1315 1943 quam

180 1973 283 2038 cultae
313 1991 442 2054 poeseos
473 1974 608 2038 sermoni
647 1977 764 2054 aptum.
810 1975 841 2038 iu
881 1971 1065 2038 Vtraditur
1098 1976 1174 2037 ‘cum
1209 1972 1315 2036 crede·
1386 1989 1390 1998 ·

178 2083 246 2148 ret’.
291 2082 398 2163 legas:
437 2088 552 2150 ‘castae
587 2085 654 2146 tum
684 2085 807 2148 moenia
845 2084 938 2149 diuae
975 2084 1050 2164 linq.
1082 2088 1167 2163 gunt.
1213 2083 1316 2147 uentis

175 2212 245 2258 oum
271 2193 414 2258 crederet
437 2191 579 2273 Aegeus’.
627 2194 715 2258 ‘curn'
738 2193 965 2260 coniunctionis
986 2193 1180 2275 postpositae
1193 2192 1316 2274 aliquot

175 2302 317 2384 exempla
340 2303 433 2367 attuli
456 2305 487 2367 iu
511 2303 705 2368 Fleckeiseni
728 2305 831 2368 annal.
857 2307 938 2368 1872
961 2323 991 2385 p.
1016 2301 1125 2385 630*).

264 2414 339 2479 ibid.
364 2417 426 2478 272
453 2431 538 2495 sqq.:

398 2580 469 2633 quae
486 2565 565 2620 tarde
582 2566 698 2634 primum
718 2565 843 2620 clementi
861 2563 969 2618 flamine
987 2563 1083 2632 pulsae

397 2659 550 2727 procedunt
567 2659 718 2725 leuiterque
736 2663 835 2712 sonant
851 2657 983 2725 plangore
1002 2655 1126 2712 cachinni

398 2757 461 2820 post
481 2757 564 2805 uento
584 2756 725 2806 crescente
743 2752 829 2819 magis
847 2751 934 2819 magis
952 2751 1145 2806 increbescunt

398 2859 591 2913 purpureaque
608 2843 705 2913 procul
722 2835 819 2898 nautes
836 2844 870 2898 ab
889 2845 949 2898 lnce
967 2843 1118 2913 refulgent:

397 2939 435 2992 sic
454 2937 492 2990 ibi
511 2937 640 2993 uestibuli
658 2938 806 3005 linquentis
823 2938 901 3006 regia
917 2945 991 2993 tecta

398 3032 432 3086 ad
452 3047 481 3086 se
502 3031 618 3100 quisque
637 3047 707 3099 uago
726 3031 828 3100 passim
847 3031 916 3099 pede
934 3031 1121 3088 discedebant.

249 3220 274 3286 *l
295 3236 320 3274 u.
339 3221 391 3274 246
400 3235 476 3287 sqq:

402 3315 442 3368 sic
459 3313 566 3366 firnesta
586 3311 680 3366 domus
710 3328 840 3380 ngressus
859 3319 933 3366 tecta
950 3320 1067 3382 paterna

398 3415 485 3461 morte
503 3405 581 3461 ferox
599 3404 730 3472 Theseus,
751 3405 859 3473 qualern
877 3405 994 3461 Minoidi
1012 3407 1114 3462 luctum

399 3501 536 3555 obtulerat
554 3505 643 3554 mente
663 3499 812 3552 immemori
831 3498 913 3552 talem
931 3503 991 3569 ipse
1010 3502 1120 3569 recepit.

245 3608 335 3660 neque
355 3591 466 3647 ‘domus’
485 3609 574 3662 neque
593 3608 658 3647 uero
688 3590 781 3646 ‘ferox’
801 3590 860 3645 sine
878 3592 970 3647 addito
990 3594 1107 3661 quodam
1124 3591 1235 3649 tolerari
1253 3611 1315 3662 pos-

177 3693 247 3739 sunt.
284 3685 356 3753 quod
380 3685 442 3740 olim
468 3687 570 3740 conieci
592 3685 696 3739 ‘domus
713 3684 851 3752 ingressus
874 3689 948 3739 tecta
967 3675 1098 3754 paternae
1117 3687 1206 3742 Marte
1230 3687 1317 3741 ferox’

176 3792 249 3830 nuuc
263 3777 342 3833 uideo
360 3778 394 3831 ab
412 3780 472 3834 aliis
486 3786 663 3848 praeceptum
682 3793 751 3832 esse.
778 3793 833 3832 non
847 3783 938 3846 potest
957 3787 1045 3835 autern
1063 3779 1186 3848 pulcrior
1204 3779 1315 3848 opposi-

175 3871 215 3924 tio
234 3870 384 3938 excogitari
409 3887 490 3940 quam
515 3873 583 3926 haec
613 3873 708 3926 domus
736 3877 868 3939 paternae
887 3872 961 3925 luctu
986 3873 1092 3927 obsitae
1118 3880 1146 3927 et
1164 3873 1264 3928 Thesei
1281 3873 1315 3926 olr

176 3963 318 4017 uictoriam
333 3965 451 4033 superbi.
488 3964 571 4019 uerba
591 3965 708 4033 ‘qualem
728 3965 842 4020 Minoidi
860 3964 962 4020 luctum
979 3965 1140 4034 obtulerat’,
1159 3972 1189 4020 ut
1206 3966 1314 4021 tandem

178 4057 301 4110 desinant
321 4058 484 4114 coniecturis
507 4059 616 4125 uexari,
645 4059 746 4114 adnoto
770 4060 902 4113 imitatum
921 4074 980 4113 esse
1007 4075 1066 4113 curn
1092 4059 1137 4127 qui
1156 4059 1229 4116 Cirin
1249 4061 1313 4114 scri·

177 4149 233 4220 psit
252 4166 279 4203 u.
298 4152 349 4206 289
368 4150 491 4206 ‘insanae
505 4151 607 4204 luctum
625 4153 745 4220 portauit
762 4150 902 4206 alumnae’.
