3032 5078
721 397 763 457 39·

172 567 279 648 tinuit,
302 566 462 649 petiuerit.
508 567 578 630 cuin
600 569 704 630 autam
729 563 779 643 Ι),
811 565 865 646 qui
888 565 980 630 modo
1003 564 1083 630 hane
1105 565 1197 630 modo
1223 557 1310 631 illam

173 668 364 759 scripturam
386 680 542 754 secuntur,
568 694 606 740 ex
628 676 695 756 ipso
721 673 902 742 Gderiuati
925 675 997 756 sint,
1021 694 1101 742 unus
1126 675 1310 742 (lad-hano

176 788 303 870 quidam
319 785 548 867 ,quaestionem
586 785 817 850 diiudicandam
852 787 884 851 in
921 789 1029 867 partes
1063 782 1221 851 necandus
1251 791 1307 868 ast.

174 917 247 964 nam
276 896 319 962 si'
336 897 444 962 uanae
474 895 547 960 illae
576 886 739 961 lectiones
755 896 787 958 in
820 894 849 957 o
878 915 941 960 nou
967 915 1005 962 ex
1037 895 1223 978 archetypo,
1253 896 1310 961 aad

174 1009 302 1074 aliunde
332 1008 474 1071 innectas
504 1011 592 1087 sunt,
624 1007 767 1086 sequitur
788 1011 824 1069 ut
850 1003 882 1068 0
900 1006 1114 1071 tantummodo
1139 1001 1197 1072 vaas
1218 1025 1308 1088 praa

175 1119 249 1183 beat
271 1117 443 1198 scripturas
472 1134 552 1198 quae
585 1115 614 1178 G
645 1115 676 1180 in
706 1119 853 1180 contextu
876 1115 1049 1180 uerborum
1078 1115 1182 1181 habet.
1227 1135 1310 1182 nunc

109 1245 114 1254 ¹
178 1233 283 1293 antem
307 1245 375 1294 cunr
399 1225 430 1290 0
450 1225 542 1291 modo
566 1243 618 1290 aas
649 1229 727 1306 quas
758 1231 862 1291 textus
890 1225 962 1290 libri
990 1226 1019 1288 G
1041 1225 1182 1306 exhibet,
1215 1227 1307 1292 modo

176 1339 404 1420 superscriptas
426 1337 591 1416 lectiones,
623 1336 697 1417 quin
721 1337 815 1402 etiarn
836 1335 884 1400 bis
907 1337 991 1417 ipsas
1015 1335 1153 1417 duplices
1174 1336 1307 1417 scriptu-

178 1465 230 1512 ras
254 1445 296 1530 [ll
320 1451 359 1512 13
379 1450 411 1511 et
430 1445 490 1510 XII
513 1445 547 1528 4]
569 1445 693 1527 tabeat,
717 1446 774 1512 has
796 1447 858 1511 iam
880 1446 911 1511 in
935 1447 1003 1527 ipso
1033 1443 1065 1508 V
1083 1447 1224 1512 extitisse
1247 1446 1309 1512 col·
1413 1467 1416 1480 ·

179 1559 312 1638 ligamus
334 1559 465 1638 oportet.
511 1553 583 1620 hinc
605 1556 705 1621 altera
726 1543 866 1621 nascitur
883 1557 1025 1637 quaestio
1045 1556 1131 1636 haee,
1157 1576 1230 1621 num
1254 1575 1309 1622 ua-

179 1669 247 1732 riae
276 1667 422 1731 lectiones
452 1684 510 1747 pro
546 1667 642 1730 meris
671 1667 792 1731 librarii
823 1665 1008 1732 correcturis
1043 1665 1175 1731 fortasse
1206 1687 1244 1732 ex
1272 1686 1308 1733 eo

181 1777 352 1859 exemplari
384 1774 467 1839 unde
497 1774 550 1838 ille
578 1775 744 1856 descripsit
772 1776 884 1840 iterum
908 1776 1048 1856 inspecto
1069 1776 1171 1840 ductis
1189 1794 1228 1840 au
1251 1795 1308 1857 pro

181 1888 313 1954 alterius
332 1885 446 1951 codicis
468 1883 507 1948 ab
529 1883 582 1948 illo
598 1885 703 1949 collati
721 1886 905 1950 testimoniis
922 1884 1085 1952 habendae
1105 1887 1176 1951 sint.
1223 1888 1309 1968 equi·

181 1999 251 2062 dem
275 2002 310 2060 ut
332 1995 432 2074 magis
456 1995 488 2057 in
511 1993 589 2059 hanc
604 2013 697 2075 quam
720 1995 751 2059 in
767 1997 851 2060 illam
867 1997 1054 2061 sententiam
1076 1996 1221 2061 inclinem
1244 2015 1309 2062 ma-

178 2106 262 2170 xime
285 2105 423 2169 adducor
446 2104 554 2169 addito
583 2104 637 2169 illo
666 2106 743 2172 locis
772 2106 864 2186 longe
889 2106 1032 2187 plurimis
1057 2105 1163 2187 ‘alias'‚
1193 2107 1310 2188 qnippe

177 2234 238 2296 quo
268 2233 329 2279 non
361 2219 424 2278 tam
448 2219 626 2280 correctura
657 2233 750 2296 quam
772 2215 865 2280 lectio
896 2233 934 2280 ex
956 2217 1056 2280 altero
1079 2217 1184 2280 codice
1207 2217 1308 2296 petita

175 2321 377 2406 significetur.
408 2325 505 2404 'quod
527 2323 709 2390 confirmant
731 2326 818 2406 ipsae
838 2326 987 2391 lectiones
1008 2326 1239 2408 superscriptae
1259 2343 1309 2392 ae-

177 2435 317 2500 curatius
348 2450 529 2514 perpensae.
575 2435 645 2514 quis
676 2435 773 2514 enim,
812 2453 880 2499 cum
906 2451 953 2500 ex.
984 2453 1029 2516 gr.
1062 2435 1153 2500 Vllll
1186 2441 1206 2499 4
1238 2438 1308 2501 ‘uno

177 2544 281 2608 animo
313 2561 463 2624 suamque
490 2525 638 2609 matrem’¹
659 2543 739 2608 hanc
768 2544 887 2609 uariam
917 2545 1082 2610 lectionem
1115 2564 1177 2609 non
1206 2547 1308 2612 minus

178 2655 326 2719 uitiosam
351 2653 478 2722 ‘sanam’
500 2653 638 2718 adlatam
659 2654 776 2735 uideat,
800 2655 839 2719 de
859 2659 1034 2721 correctore
1057 2655 1195 2735 cogitet?
1217 2657 1310 2722 immo

155 2747 348 2829 ¹omnia'ut
380 2780 449 2828 eum
479 2765 531 2844 qui
562 2761 755 2836 Vexarauit
784 2783 882 2846 usque
913 2765 951 2830 ad
981 2781 1005 2829 e.
1037 2763 1153 2829 LXVII
1179 2763 1309 2832 alterius

164 2873 295 2939 codicis
322 2874 443 2938 nariam
472 2875 658 2956 scripturam
687 2875 795 2941 sedulo
827 2874 994 2940 adnotasse
1013 2891 1170 2938 sumamus
1191 2875 1308 2941 iubent.

178 2989 280 3048 restat
312 2988 347 3046 ut
378 2984 453 3064 quid
483 2983 652 3048 denariae
682 2985 766 3050 illius
794 2985 967 3068 scripturae
989 2985 1090 3066 pretio
1109 2985 1309 3050 statuendum

178 3095 221 3158 sit
244 3092 462 3174 disquiramus.
507 3098 555 3158 tot
575 3099 680 3159 autem
703 3095 802 3160 bonae
834 3103 864 3159 et
888 3095 1065 3161 indubitate
1087 3113 1181 3160 uerae
1202 3096 1310 3162 lectio-

182 3223 237 3268 nes
260 3205 293 3287 (a
315 3221 363 3268 me
386 3203 535 3270 asterisco
557 3205 737 3287 insignitae)
761 3223 798 3270 aa
820 3206 921 3272 altero
943 3207 1003 3272 illo‘
1020 3207 1125 3272 codice
1139 3206 1309 3270 adnotatae

177 3319 268 3394 sunt,
300 3319 335 3378 ut
358 3333 427 3378 aum
451 3315 562 3378 summi
586 3317 813 3382 aestimandum
837 3335 904 3382 esse
926 3313 1008 3382 ultro
1036 3322 1197 3398 appareat.
1241 3316 1309 3382 ubi-

178 3442 309 3505 cumque
332 3425 428 3505 igitur
450 3426 624 3507 scripturae
654 3427 869 3492 diuersitatem
901 3428 932 3491 in
967 3427 996 3490 G
1018 3427 1198 3492 adnotatam
1223 3428 1311 3492 inue-

178 3535 297 3614 nimus,
331 3553 454 3616 semper
484 3536 550 3600 eius
579 3553 672 3619 quarn
696 3536 934 3618 diligentissime
956 3537 1109 3602 rationem
1139 3537 1309 3604 habeamus

180 3650 315 3726 oportet.

263 3755 384 3820 Nititur
406 3755 515 3836 igitur,
536 3761 571 3822 ut
594 3757 856 3822 demonstrauisse
878 3756 955 3822 mihi
968 3757 1086 3836 uideor,
1110 3755 1183 3820 libri
1201 3754 1309 3820 Catul-

177 3866 253 3931 liani
284 3866 461 3934 emendatio
495 3866 569 3932 solis
598 3865 766 3932 Oxoniensi
799 3873 830 3932 et
859 3866 1117 3949 Sangermauensi
1147 3872 1309 3947 tamquam

178 3975 340 4058 archetypi
361 3973 517 4056 deperditi
540 3978 682 4042 testibus.
728 3995 765 4042 ex
787 3977 900 4058 quibus
922 3995 1109 4059 quamquam
1136 3975 1167 4040 0
1185 3993 1310 4057 semper

179 4087 245 4152 fere
267 4088 415 4152 maiorem
436 4092 593 4152 mereatur
621 4085 714 4152 fidem
743 4105 837 4168 quam
871 4087 900 4151 G
921 4087 973 4152 hic
1000 4087 1066 4181 illio
1088 4087 1149 4150 iam
1172 4088 1310 4167 interpo-

180 4196 280 4278 latus,
306 4203 410 4263 tamen
428 4195 578 4265 nonnulla
601 4213 764 4278 superesse
784 4196 852 4263 loca
874 4197 987 4278 quibus
1007 4197 1046 4263 ob
1069 4197 1309 4280 discrepantiam
