<?xml version="1.0" encoding="UTF-8"?>
<!DOCTYPE html PUBLIC "-//W3C//DTD XHTML 1.0 Transitional//EN"
    "http://www.w3.org/TR/xhtml1/DTD/xhtml1-transitional.dtd">
<html xmlns="http://www.w3.org/1999/xhtml" xml:lang="en" lang="en">
 <head>
  <title>
</title>
<meta http-equiv="Content-Type" content="text/html;charset=utf-8" />
  <meta name='ocr-system' content='tesseract 3.04.00' />
  <meta name='ocr-capabilities' content='ocr_page ocr_carea ocr_par ocr_line ocrx_word'/>
</head>
<body>
  <div class='ocr_page' id='page_1' title='image "analectacatulli01baehgoog_0068.png"; bbox 0 0 3032 5078; ppageno 0'>
   <div class='ocr_carea' id='block_1_1' title="bbox 718 455 758 514">
    <p class='ocr_par' dir='ltr' id='par_1_1' title="bbox 718 455 758 514">
     <span class='ocr_line' id='line_1_1' title="bbox 718 455 758 514; baseline 0 0"><span class='ocrx_word' id='word_1_1' title='bbox 718 455 758 514; x_wconf 82' lang='lat'>59</span> 
     </span>
    </p>
   </div>
   <div class='ocr_carea' id='block_1_2' title="bbox 169 620 1421 708">
    <p class='ocr_par' dir='ltr' id='par_1_2' title="bbox 169 620 1421 708">
     <span class='ocr_line' id='line_1_2' title="bbox 169 620 1421 708; baseline -0.002 -20"><span class='ocrx_word' id='word_1_2' title='bbox 169 623 230 706; x_wconf 90' lang='lat' dir='ltr'>ptii</span> <span class='ocrx_word' id='word_1_3' title='bbox 253 623 381 688; x_wconf 78' lang='lat' dir='ltr'>‘Arduei</span> <span class='ocrx_word' id='word_1_4' title='bbox 411 621 456 688; x_wconf 91' lang='lat' dir='ltr'>ibi</span> <span class='ocrx_word' id='word_1_5' title='bbox 487 622 585 687; x_wconf 90' lang='lat' dir='ltr'>uario’</span> <span class='ocrx_word' id='word_1_6' title='bbox 615 627 647 686; x_wconf 91' lang='lat' dir='ltr'>ct</span> <span class='ocrx_word' id='word_1_7' title='bbox 675 621 838 688; x_wconf 89' lang='lat' dir='ltr'>Ritschelii</span> <span class='ocrx_word' id='word_1_8' title='bbox 869 623 992 686; x_wconf 83' lang='lat' dir='ltr'>‘numen</span> <span class='ocrx_word' id='word_1_9' title='bbox 1023 620 1066 685; x_wconf 91' lang='lat' dir='ltr'>ibi</span> <span class='ocrx_word' id='word_1_10' title='bbox 1096 621 1203 700; x_wconf 68' lang='lat' dir='ltr'>uario,</span> <span class='ocrx_word' id='word_1_11' title='bbox 1229 621 1306 687; x_wconf 91' lang='lat' dir='ltr'>mihi</span> <span class='ocrx_word' id='word_1_12' title='bbox 1417 694 1421 708; x_wconf 27' lang='lat' dir='ltr'><strong><em>s</em></strong></span> 
     </span>
    </p>
   </div>
   <div class='ocr_carea' id='block_1_3' title="bbox 170 730 1370 1478">
    <p class='ocr_par' dir='ltr' id='par_1_3' title="bbox 170 730 1370 1478">
     <span class='ocr_line' id='line_1_3' title="bbox 170 730 1303 815; baseline -0.003 -16"><span class='ocrx_word' id='word_1_13' title='bbox 170 734 236 799; x_wconf 90' lang='lat' dir='ltr'>ullo</span> <span class='ocrx_word' id='word_1_14' title='bbox 258 734 350 800; x_wconf 89' lang='lat' dir='ltr'>modo</span> <span class='ocrx_word' id='word_1_15' title='bbox 373 732 578 798; x_wconf 76' lang='lat' dir='ltr'>satisfaciunt.</span> <span class='ocrx_word' id='word_1_16' title='bbox 623 751 695 796; x_wconf 87' lang='lat' dir='ltr'>nam</span> <span class='ocrx_word' id='word_1_17' title='bbox 716 733 749 797; x_wconf 90' lang='lat' dir='ltr'>ld</span> <span class='ocrx_word' id='word_1_18' title='bbox 768 732 851 815; x_wconf 89' lang='lat' dir='ltr'>quod</span> <span class='ocrx_word' id='word_1_19' title='bbox 871 730 1012 797; x_wconf 79' lang='lat' dir='ltr'>Catullus</span> <span class='ocrx_word' id='word_1_20' title='bbox 1029 733 1303 813; x_wconf 73' lang='lat' dir='ltr'>scripsit-aperta,</span> 
     </span>
     <span class='ocr_line' id='line_1_4' title="bbox 171 842 1304 924; baseline -0.001 -15"><span class='ocrx_word' id='word_1_21' title='bbox 171 847 205 909; x_wconf 91' lang='lat' dir='ltr'>ni</span> <span class='ocrx_word' id='word_1_22' title='bbox 228 844 329 924; x_wconf 88' lang='lat' dir='ltr'>fallor,</span> <span class='ocrx_word' id='word_1_23' title='bbox 353 843 491 909; x_wconf 85' lang='lat' dir='ltr'>colorum</span> <span class='ocrx_word' id='word_1_24' title='bbox 514 843 545 906; x_wconf 93' lang='lat' dir='ltr'>in</span> <span class='ocrx_word' id='word_1_25' title='bbox 568 842 617 907; x_wconf 90' lang='lat' dir='ltr'>his</span> <span class='ocrx_word' id='word_1_26' title='bbox 640 842 783 908; x_wconf 90' lang='lat' dir='ltr'>uersibus</span> <span class='ocrx_word' id='word_1_27' title='bbox 806 843 961 924; x_wconf 89' lang='lat' dir='ltr'>oppositio</span> <span class='ocrx_word' id='word_1_28' title='bbox 983 843 1111 908; x_wconf 88' lang='lat' dir='ltr'>indicat.</span> <span class='ocrx_word' id='word_1_29' title='bbox 1156 843 1304 924; x_wconf 89' lang='lat' dir='ltr'>quemad-</span> 
     </span>
     <span class='ocr_line' id='line_1_5' title="bbox 171 951 1303 1035; baseline -0.003 -15"><span class='ocrx_word' id='word_1_30' title='bbox 171 956 297 1020; x_wconf 84' lang='lat' dir='ltr'>modum</span> <span class='ocrx_word' id='word_1_31' title='bbox 325 955 422 1035; x_wconf 85' lang='lat' dir='ltr'>igitur</span> <span class='ocrx_word' id='word_1_32' title='bbox 451 974 480 1019; x_wconf 89' lang='lat' dir='ltr'>u.</span> <span class='ocrx_word' id='word_1_33' title='bbox 503 958 544 1018; x_wconf 84' lang='lat'>60</span> <span class='ocrx_word' id='word_1_34' title='bbox 565 953 680 1019; x_wconf 89' lang='lat' dir='ltr'>‘aurea’</span> <span class='ocrx_word' id='word_1_35' title='bbox 712 959 743 1018; x_wconf 92' lang='lat' dir='ltr'>et</span> <span class='ocrx_word' id='word_1_36' title='bbox 775 973 804 1017; x_wconf 89' lang='lat' dir='ltr'>a.</span> <span class='ocrx_word' id='word_1_37' title='bbox 830 957 869 1018; x_wconf 82' lang='lat'>62</span> <span class='ocrx_word' id='word_1_38' title='bbox 896 951 988 1017; x_wconf 86' lang='lat' dir='ltr'>‘flaui&#39;</span> <span class='ocrx_word' id='word_1_39' title='bbox 1016 953 1075 1019; x_wconf 85' lang='lat' dir='ltr'>sibi</span> <span class='ocrx_word' id='word_1_40' title='bbox 1104 953 1303 1034; x_wconf 88' lang='lat' dir='ltr'>respondent,</span> 
     </span>
     <span class='ocr_line' id='line_1_6' title="bbox 170 1063 1305 1146; baseline -0.002 -16"><span class='ocrx_word' id='word_1_41' title='bbox 170 1067 217 1130; x_wconf 91' lang='lat' dir='ltr'>ita</span> <span class='ocrx_word' id='word_1_42' title='bbox 247 1069 394 1146; x_wconf 90' lang='lat' dir='ltr'>corrupto</span> <span class='ocrx_word' id='word_1_43' title='bbox 424 1064 476 1128; x_wconf 86' lang='lat' dir='ltr'>illi¹</span> <span class='ocrx_word' id='word_1_44' title='bbox 500 1063 588 1128; x_wconf 84' lang='lat' dir='ltr'>’hidii</span> <span class='ocrx_word' id='word_1_45' title='bbox 624 1083 684 1129; x_wconf 91' lang='lat' dir='ltr'>uen</span> <span class='ocrx_word' id='word_1_46' title='bbox 715 1064 768 1128; x_wconf 89' lang='lat' dir='ltr'>ibi&#39;</span> <span class='ocrx_word' id='word_1_47' title='bbox 801 1064 927 1130; x_wconf 86' lang='lat' dir='ltr'>subesse</span> <span class='ocrx_word' id='word_1_48' title='bbox 956 1063 1049 1128; x_wconf 88' lang='lat' dir='ltr'>debet</span> <span class='ocrx_word' id='word_1_49' title='bbox 1080 1064 1164 1145; x_wconf 89' lang='lat' dir='ltr'>quod</span> <span class='ocrx_word' id='word_1_50' title='bbox 1196 1063 1305 1129; x_wconf 85' lang='lat' dir='ltr'>‘uario’</span> 
     </span>
     <span class='ocr_line' id='line_1_7' title="bbox 174 1172 1370 1257; baseline -0.001 -17"><span class='ocrx_word' id='word_1_51' title='bbox 174 1177 244 1241; x_wconf 91' lang='lat' dir='ltr'>uoci</span> <span class='ocrx_word' id='word_1_52' title='bbox 267 1175 444 1257; x_wconf 88' lang='lat' dir='ltr'>oppositum</span> <span class='ocrx_word' id='word_1_53' title='bbox 468 1175 517 1239; x_wconf 93' lang='lat' dir='ltr'>sit.</span> <span class='ocrx_word' id='word_1_54' title='bbox 563 1173 636 1238; x_wconf 89' lang='lat' dir='ltr'>hinc</span> <span class='ocrx_word' id='word_1_55' title='bbox 657 1192 749 1256; x_wconf 87' lang='lat' dir='ltr'>quam</span> <span class='ocrx_word' id='word_1_56' title='bbox 771 1191 865 1256; x_wconf 83' lang='lat' dir='ltr'>saepe</span> <span class='ocrx_word' id='word_1_57' title='bbox 887 1175 918 1238; x_wconf 92' lang='lat' dir='ltr'>in</span> <span class='ocrx_word' id='word_1_58' title='bbox 945 1172 1103 1238; x_wconf 82' lang='lat' dir='ltr'>codicibus</span> <span class='ocrx_word' id='word_1_59' title='bbox 1126 1178 1161 1238; x_wconf 92' lang='lat' dir='ltr'>ut</span> <span class='ocrx_word' id='word_1_60' title='bbox 1184 1176 1210 1238; x_wconf 84' lang='lat' dir='ltr'>‘c</span> <span class='ocrx_word' id='word_1_61' title='bbox 1233 1174 1252 1238; x_wconf 87' lang='lat' dir='ltr'>l’</span> <span class='ocrx_word' id='word_1_62' title='bbox 1273 1180 1305 1239; x_wconf 92' lang='lat' dir='ltr'>et</span> <span class='ocrx_word' id='word_1_63' title='bbox 1364 1193 1370 1210; x_wconf 73' lang='lat'><strong><em>¹</em></strong></span> 
     </span>
     <span class='ocr_line' id='line_1_8' title="bbox 175 1282 1305 1367; baseline -0.002 -16"><span class='ocrx_word' id='word_1_64' title='bbox 175 1287 225 1366; x_wconf 89' lang='lat' dir='ltr'>‘d’‚</span> <span class='ocrx_word' id='word_1_65' title='bbox 250 1287 296 1351; x_wconf 92' lang='lat' dir='ltr'>ita</span> <span class='ocrx_word' id='word_1_66' title='bbox 320 1285 370 1349; x_wconf 90' lang='lat' dir='ltr'>‘li’</span> <span class='ocrx_word' id='word_1_67' title='bbox 394 1290 425 1349; x_wconf 89' lang='lat' dir='ltr'>et</span> <span class='ocrx_word' id='word_1_68' title='bbox 453 1283 491 1348; x_wconf 78' lang='lat' dir='ltr'>‘n&#39;</span> <span class='ocrx_word' id='word_1_69' title='bbox 515 1283 567 1367; x_wconf 87' lang='lat' dir='ltr'>[cl.</span> <span class='ocrx_word' id='word_1_70' title='bbox 591 1303 637 1348; x_wconf 87' lang='lat' dir='ltr'>ex.</span> <span class='ocrx_word' id='word_1_71' title='bbox 661 1303 707 1364; x_wconf 83' lang='lat' dir='ltr'>gr.</span> <span class='ocrx_word' id='word_1_72' title='bbox 732 1284 833 1349; x_wconf 87' lang='lat' dir='ltr'>LXIII</span> <span class='ocrx_word' id='word_1_73' title='bbox 858 1289 898 1350; x_wconf 84' lang='lat'>85</span> <span class='ocrx_word' id='word_1_74' title='bbox 923 1283 1066 1346; x_wconf 82' lang='lat' dir='ltr'>‘adhorta</span> <span class='ocrx_word' id='word_1_75' title='bbox 1088 1282 1136 1346; x_wconf 87' lang='lat' dir='ltr'>lis‘</span> <span class='ocrx_word' id='word_1_76' title='bbox 1160 1302 1217 1365; x_wconf 92' lang='lat' dir='ltr'>pro</span> <span class='ocrx_word' id='word_1_77' title='bbox 1241 1285 1305 1350; x_wconf 90' lang='lat' dir='ltr'>‘ad-</span> 
     </span>
     <span class='ocr_line' id='line_1_9' title="bbox 171 1391 1357 1478; baseline -0.003 -18"><span class='ocrx_word' id='word_1_78' title='bbox 171 1394 310 1460; x_wconf 85' lang='lat' dir='ltr'>hortans’</span> <span class='ocrx_word' id='word_1_79' title='bbox 335 1395 366 1459; x_wconf 91' lang='lat' dir='ltr'>in</span> <span class='ocrx_word' id='word_1_80' title='bbox 398 1391 430 1456; x_wconf 85' lang='lat' dir='ltr'><em>V</em></span> <span class='ocrx_word' id='word_1_81' title='bbox 446 1394 609 1478; x_wconf 91' lang='lat' dir='ltr'>scriptum]</span> <span class='ocrx_word' id='word_1_82' title='bbox 634 1395 714 1460; x_wconf 89' lang='lat' dir='ltr'>inter</span> <span class='ocrx_word' id='word_1_83' title='bbox 741 1412 809 1460; x_wconf 86' lang='lat' dir='ltr'>sese</span> <span class='ocrx_word' id='word_1_84' title='bbox 832 1395 933 1459; x_wconf 90' lang='lat' dir='ltr'>locum</span> <span class='ocrx_word' id='word_1_85' title='bbox 955 1393 1147 1458; x_wconf 89' lang='lat' dir='ltr'>mutauerint</span> <span class='ocrx_word' id='word_1_86' title='bbox 1169 1399 1305 1459; x_wconf 89' lang='lat' dir='ltr'>contem·</span> <span class='ocrx_word' id='word_1_87' title='bbox 1355 1469 1357 1474; x_wconf 17' lang='grc' dir='ltr'>ι</span> 
     </span>
    </p>
   </div>
   <div class='ocr_carea' id='block_1_4' title="bbox 172 1483 1305 1588">
    <p class='ocr_par' dir='ltr' id='par_1_4' title="bbox 172 1483 1305 1588">
     <span class='ocr_line' id='line_1_10' title="bbox 172 1483 1305 1588; baseline -0.002 -18"><span class='ocrx_word' id='word_1_88' title='bbox 172 1506 273 1588; x_wconf 90' lang='lat' dir='ltr'>planti</span> <span class='ocrx_word' id='word_1_89' title='bbox 297 1504 372 1570; x_wconf 90' lang='lat' dir='ltr'>mihi</span> <span class='ocrx_word' id='word_1_90' title='bbox 395 1505 478 1570; x_wconf 90' lang='lat' dir='ltr'>ultro</span> <span class='ocrx_word' id='word_1_91' title='bbox 502 1523 540 1569; x_wconf 86' lang='lat' dir='ltr'>ex</span> <span class='ocrx_word' id='word_1_92' title='bbox 568 1504 684 1570; x_wconf 75' lang='lat' dir='ltr'>litterIs</span> <span class='ocrx_word' id='word_1_93' title='bbox 714 1505 841 1570; x_wconf 90' lang='lat' dir='ltr'>traditis</span> <span class='ocrx_word' id='word_1_94' title='bbox 869 1483 1074 1570; x_wconf 87' lang='lat' dir='ltr'>enasoebetur</span> <span class='ocrx_word' id='word_1_95' title='bbox 1096 1502 1154 1568; x_wconf 92' lang='lat' dir='ltr'>hoc</span> <span class='ocrx_word' id='word_1_96' title='bbox 1177 1503 1237 1569; x_wconf 78' lang='lat' dir='ltr'>‘hio</span> <span class='ocrx_word' id='word_1_97' title='bbox 1259 1505 1305 1568; x_wconf 93' lang='lat' dir='ltr'>ni-</span> 
     </span>
    </p>
   </div>
   <div class='ocr_carea' id='block_1_5' title="bbox 167 1613 1303 1747">
    <p class='ocr_par' dir='ltr' id='par_1_5' title="bbox 167 1613 1303 1747">
     <span class='ocr_line' id='line_1_11' title="bbox 167 1613 1303 1747; baseline -0.001 -17"><span class='ocrx_word' id='word_1_98' title='bbox 167 1685 230 1731; x_wconf 89' lang='lat' dir='ltr'>nen</span> <span class='ocrx_word' id='word_1_99' title='bbox 254 1665 324 1744; x_wconf 89' lang='lat' dir='ltr'>ibi&#39;,</span> <span class='ocrx_word' id='word_1_100' title='bbox 352 1665 434 1747; x_wconf 92' lang='lat' dir='ltr'>quod</span> <span class='ocrx_word' id='word_1_101' title='bbox 466 1666 509 1730; x_wconf 90' lang='lat' dir='ltr'>nil</span> <span class='ocrx_word' id='word_1_102' title='bbox 538 1665 625 1729; x_wconf 90' lang='lat' dir='ltr'>aliud</span> <span class='ocrx_word' id='word_1_103' title='bbox 658 1670 705 1729; x_wconf 90' lang='lat' dir='ltr'>est</span> <span class='ocrx_word' id='word_1_104' title='bbox 734 1665 793 1730; x_wconf 88' lang='lat' dir='ltr'>uisi</span> <span class='ocrx_word' id='word_1_105' title='bbox 827 1664 887 1729; x_wconf 87' lang='lat' dir='ltr'>‘hic</span> <span class='ocrx_word' id='word_1_106' title='bbox 910 1613 1084 1729; x_wconf 57' lang='lat' dir='ltr'>niuess’uet</span> <span class='ocrx_word' id='word_1_107' title='bbox 1113 1664 1173 1730; x_wconf 88' lang='lat' dir='ltr'>‘hic</span> <span class='ocrx_word' id='word_1_108' title='bbox 1195 1666 1303 1730; x_wconf 89' lang='lat' dir='ltr'>ninci’.</span> 
     </span>
    </p>
   </div>
   <div class='ocr_carea' id='block_1_6' title="bbox 171 1775 1304 2193">
    <p class='ocr_par' dir='ltr' id='par_1_6' title="bbox 171 1775 515 1858">
     <span class='ocr_line' id='line_1_12' title="bbox 171 1775 515 1858; baseline -0.006 -18"><span class='ocrx_word' id='word_1_109' title='bbox 171 1777 379 1842; x_wconf 89' lang='lat' dir='ltr'>rescribamus</span> <span class='ocrx_word' id='word_1_110' title='bbox 402 1775 515 1858; x_wconf 80' lang='lat' dir='ltr'>igitur:</span> 
     </span>
    </p>

    <p class='ocr_par' dir='ltr' id='par_1_7' title="bbox 172 1893 1304 2193">
     <span class='ocr_line' id='line_1_13' title="bbox 391 1893 1115 1964; baseline 0.004 -17"><span class='ocrx_word' id='word_1_111' title='bbox 391 1894 445 1961; x_wconf 89' lang='lat' dir='ltr'>hic,</span> <span class='ocrx_word' id='word_1_112' title='bbox 463 1893 535 1948; x_wconf 89' lang='lat' dir='ltr'>niuei</span> <span class='ocrx_word' id='word_1_113' title='bbox 554 1895 629 1948; x_wconf 86' lang='lat' dir='ltr'>uario</span> <span class='ocrx_word' id='word_1_114' title='bbox 648 1910 682 1948; x_wconf 90' lang='lat' dir='ltr'>ne</span> <span class='ocrx_word' id='word_1_115' title='bbox 701 1895 788 1948; x_wconf 89' lang='lat' dir='ltr'>solum</span> <span class='ocrx_word' id='word_1_116' title='bbox 806 1895 834 1947; x_wconf 91' lang='lat' dir='ltr'>in</span> <span class='ocrx_word' id='word_1_117' title='bbox 852 1893 951 1949; x_wconf 89' lang='lat' dir='ltr'>lumlue</span> <span class='ocrx_word' id='word_1_118' title='bbox 970 1893 1039 1949; x_wconf 85' lang='lat' dir='ltr'>caeli</span> <span class='ocrx_word' id='word_1_119' title='bbox 1058 1912 1115 1964; x_wconf 87' lang='lat' dir='ltr'>eqs.</span> 
     </span>
     <span class='ocr_line' id='line_1_14' title="bbox 172 1998 1304 2080; baseline 0.002 -16"><span class='ocrx_word' id='word_1_120' title='bbox 172 2019 242 2064; x_wconf 87' lang='lat' dir='ltr'>narn</span> <span class='ocrx_word' id='word_1_121' title='bbox 278 1999 347 2065; x_wconf 79' lang='lat' dir='ltr'>‘hic&#39;</span> <span class='ocrx_word' id='word_1_122' title='bbox 385 2019 442 2080; x_wconf 89' lang='lat' dir='ltr'>pro</span> <span class='ocrx_word' id='word_1_123' title='bbox 480 2000 565 2064; x_wconf 79' lang='lat' dir='ltr'>‘tum&#39;</span> <span class='ocrx_word' id='word_1_124' title='bbox 594 1999 775 2080; x_wconf 83' lang='lat' dir='ltr'>saepissime</span> <span class='ocrx_word' id='word_1_125' title='bbox 808 1999 913 2080; x_wconf 87' lang='lat' dir='ltr'>posuit</span> <span class='ocrx_word' id='word_1_126' title='bbox 936 1998 1093 2080; x_wconf 79' lang='lat' dir='ltr'>Catullus,</span> <span class='ocrx_word' id='word_1_127' title='bbox 1126 2001 1164 2066; x_wconf 87' lang='lat' dir='ltr'>cf.</span> <span class='ocrx_word' id='word_1_128' title='bbox 1192 2003 1220 2066; x_wconf 87' lang='lat' dir='ltr'>X</span> <span class='ocrx_word' id='word_1_129' title='bbox 1253 2007 1304 2066; x_wconf 81' lang='lat'>24.</span> 
     </span>
     <span class='ocr_line' id='line_1_15' title="bbox 172 2109 1304 2193; baseline 0.002 -18"><span class='ocrx_word' id='word_1_130' title='bbox 172 2111 290 2175; x_wconf 87' lang='lat' dir='ltr'>LXIIII</span> <span class='ocrx_word' id='word_1_131' title='bbox 313 2113 384 2174; x_wconf 82' lang='lat'>270.</span> <span class='ocrx_word' id='word_1_132' title='bbox 431 2109 546 2173; x_wconf 87' lang='lat' dir='ltr'>LXVII</span> <span class='ocrx_word' id='word_1_133' title='bbox 570 2114 620 2174; x_wconf 87' lang='lat'>37.</span> <span class='ocrx_word' id='word_1_134' title='bbox 643 2147 683 2156; x_wconf 85' lang='lat'>--</span> <span class='ocrx_word' id='word_1_135' title='bbox 706 2109 862 2173; x_wconf 91' lang='lat' dir='ltr'>simillime</span> <span class='ocrx_word' id='word_1_136' title='bbox 886 2109 924 2173; x_wconf 90' lang='lat' dir='ltr'>de</span> <span class='ocrx_word' id='word_1_137' title='bbox 947 2111 1040 2192; x_wconf 79' lang='lat' dir='ltr'>plaga</span> <span class='ocrx_word' id='word_1_138' title='bbox 1057 2113 1304 2193; x_wconf 81' lang='lat' dir='ltr'>septemtrionali</span> 
     </span>
    </p>
   </div>
   <div class='ocr_carea' id='block_1_7' title="bbox 64 2219 1303 2303">
    <p class='ocr_par' dir='ltr' id='par_1_8' title="bbox 64 2219 1303 2303">
     <span class='ocr_line' id='line_1_16' title="bbox 64 2219 1303 2303; baseline 0.001 -17"><span class='ocrx_word' id='word_1_139' title='bbox 64 2263 69 2273; x_wconf 85' lang='lat'><strong>.</strong></span> <span class='ocrx_word' id='word_1_140' title='bbox 172 2223 248 2286; x_wconf 89' lang='lat' dir='ltr'>dicit</span> <span class='ocrx_word' id='word_1_141' title='bbox 271 2220 416 2284; x_wconf 88' lang='lat' dir='ltr'>Ualerius</span> <span class='ocrx_word' id='word_1_142' title='bbox 433 2220 561 2285; x_wconf 82' lang='lat' dir='ltr'>Flaccus</span> <span class='ocrx_word' id='word_1_143' title='bbox 584 2219 639 2303; x_wconf 89' lang='lat' dir='ltr'>[IV</span> <span class='ocrx_word' id='word_1_144' title='bbox 657 2220 733 2303; x_wconf 83' lang='lat'>204]</span> <span class='ocrx_word' id='word_1_145' title='bbox 759 2222 836 2284; x_wconf 84' lang='lat' dir='ltr'>‘orte</span> <span class='ocrx_word' id='word_1_146' title='bbox 858 2219 955 2284; x_wconf 88' lang='lat' dir='ltr'>niuali</span> <span class='ocrx_word' id='word_1_147' title='bbox 971 2223 1110 2287; x_wconf 84' lang='lat' dir='ltr'>Arcados</span> <span class='ocrx_word' id='word_1_148' title='bbox 1132 2242 1190 2288; x_wconf 86' lang='lat' dir='ltr'>axe</span> <span class='ocrx_word' id='word_1_149' title='bbox 1205 2225 1303 2290; x_wconf 86' lang='lat' dir='ltr'>dsae’.</span> 
     </span>
    </p>
   </div>
   <div class='ocr_carea' id='block_1_8' title="bbox 168 2330 1305 3392">
    <p class='ocr_par' dir='ltr' id='par_1_9' title="bbox 168 2330 1305 3392">
     <span class='ocr_line' id='line_1_17' title="bbox 171 2330 1305 2412; baseline 0.003 -16"><span class='ocrx_word' id='word_1_150' title='bbox 171 2353 201 2396; x_wconf 91' lang='lat' dir='ltr'>n.</span> <span class='ocrx_word' id='word_1_151' title='bbox 227 2337 267 2395; x_wconf 88' lang='grc'>63</span> <span class='ocrx_word' id='word_1_152' title='bbox 291 2331 408 2395; x_wconf 87' lang='lat' dir='ltr'>dudum</span> <span class='ocrx_word' id='word_1_153' title='bbox 431 2330 624 2395; x_wconf 88' lang='lat' dir='ltr'>intellectum</span> <span class='ocrx_word' id='word_1_154' title='bbox 648 2336 712 2412; x_wconf 86' lang='lat' dir='ltr'>est,</span> <span class='ocrx_word' id='word_1_155' title='bbox 744 2348 863 2396; x_wconf 91' lang='lat' dir='ltr'>comam</span> <span class='ocrx_word' id='word_1_156' title='bbox 893 2349 953 2396; x_wconf 88' lang='lat' dir='ltr'>nou</span> <span class='ocrx_word' id='word_1_157' title='bbox 976 2350 1067 2412; x_wconf 90' lang='lat' dir='ltr'>posse</span> <span class='ocrx_word' id='word_1_158' title='bbox 1091 2335 1261 2400; x_wconf 88' lang='lat' dir='ltr'>‘uuldulam</span> <span class='ocrx_word' id='word_1_159' title='bbox 1286 2353 1305 2399; x_wconf 89' lang='lat' dir='ltr'>a</span> 
     </span>
     <span class='ocr_line' id='line_1_18' title="bbox 170 2439 1305 2521; baseline 0.002 -15"><span class='ocrx_word' id='word_1_160' title='bbox 170 2439 277 2508; x_wconf 85' lang='lat' dir='ltr'>fluctu’</span> <span class='ocrx_word' id='word_1_161' title='bbox 301 2442 415 2520; x_wconf 88' lang='lat' dir='ltr'>uocari,</span> <span class='ocrx_word' id='word_1_162' title='bbox 440 2460 509 2506; x_wconf 91' lang='lat' dir='ltr'>cum</span> <span class='ocrx_word' id='word_1_163' title='bbox 532 2459 619 2505; x_wconf 87' lang='lat' dir='ltr'>mare</span> <span class='ocrx_word' id='word_1_164' title='bbox 641 2441 696 2506; x_wconf 89' lang='lat' dir='ltr'>illa</span> <span class='ocrx_word' id='word_1_165' title='bbox 718 2459 779 2504; x_wconf 90' lang='lat' dir='ltr'>non</span> <span class='ocrx_word' id='word_1_166' title='bbox 796 2442 946 2521; x_wconf 81' lang='lat' dir='ltr'>tetigerit,</span> <span class='ocrx_word' id='word_1_167' title='bbox 971 2442 1024 2507; x_wconf 89' lang='lat' dir='ltr'>sed</span> <span class='ocrx_word' id='word_1_168' title='bbox 1042 2443 1168 2509; x_wconf 88' lang='lat' dir='ltr'>derecta</span> <span class='ocrx_word' id='word_1_169' title='bbox 1191 2445 1244 2508; x_wconf 85' lang='lat' dir='ltr'>uie</span> <span class='ocrx_word' id='word_1_170' title='bbox 1267 2462 1305 2509; x_wconf 83' lang='lat' dir='ltr'>en</span> 
     </span>
     <span class='ocr_line' id='line_1_19' title="bbox 169 2551 1303 2633; baseline 0.004 -17"><span class='ocrx_word' id='word_1_171' title='bbox 169 2554 317 2619; x_wconf 82' lang='lat' dir='ltr'>Arsinoes</span> <span class='ocrx_word' id='word_1_172' title='bbox 344 2552 461 2632; x_wconf 84' lang='lat' dir='ltr'>templo</span> <span class='ocrx_word' id='word_1_173' title='bbox 495 2553 526 2615; x_wconf 92' lang='lat' dir='ltr'>in</span> <span class='ocrx_word' id='word_1_174' title='bbox 556 2551 676 2616; x_wconf 88' lang='lat' dir='ltr'>caelum</span> <span class='ocrx_word' id='word_1_175' title='bbox 705 2556 796 2615; x_wconf 87' lang='lat' dir='ltr'>uecta</span> <span class='ocrx_word' id='word_1_176' title='bbox 825 2552 875 2615; x_wconf 91' lang='lat' dir='ltr'>sit.</span> <span class='ocrx_word' id='word_1_177' title='bbox 929 2553 1036 2633; x_wconf 86' lang='lat' dir='ltr'>itaque</span> <span class='ocrx_word' id='word_1_178' title='bbox 1065 2552 1137 2618; x_wconf 93' lang='lat' dir='ltr'>Itali</span> <span class='ocrx_word' id='word_1_179' title='bbox 1166 2557 1195 2618; x_wconf 87' lang='lat' dir='ltr'>‘a</span> <span class='ocrx_word' id='word_1_180' title='bbox 1216 2552 1303 2620; x_wconf 87' lang='lat' dir='ltr'>fietu&#39;</span> 
     </span>
     <span class='ocr_line' id='line_1_20' title="bbox 169 2662 1304 2743; baseline 0.004 -17"><span class='ocrx_word' id='word_1_181' title='bbox 169 2664 384 2727; x_wconf 88' lang='lat' dir='ltr'>restituerunt.</span> <span class='ocrx_word' id='word_1_182' title='bbox 430 2663 532 2743; x_wconf 92' lang='lat' dir='ltr'>potuit</span> <span class='ocrx_word' id='word_1_183' title='bbox 554 2662 674 2726; x_wconf 89' lang='lat' dir='ltr'>minore</span> <span class='ocrx_word' id='word_1_184' title='bbox 706 2679 774 2726; x_wconf 91' lang='lat' dir='ltr'>oum</span> <span class='ocrx_word' id='word_1_185' title='bbox 802 2662 975 2726; x_wconf 86' lang='lat' dir='ltr'>mutatione</span> <span class='ocrx_word' id='word_1_186' title='bbox 998 2665 1156 2728; x_wconf 88' lang='lat' dir='ltr'>emendari</span> <span class='ocrx_word' id='word_1_187' title='bbox 1182 2666 1304 2731; x_wconf 84' lang='lat' dir='ltr'>‘unidu-</span> 
     </span>
     <span class='ocr_line' id='line_1_21' title="bbox 168 2771 1303 2853; baseline 0.001 -16"><span class='ocrx_word' id='word_1_188' title='bbox 168 2773 270 2837; x_wconf 88' lang='lat' dir='ltr'>lama</span> <span class='ocrx_word' id='word_1_189' title='bbox 299 2772 403 2836; x_wconf 86' lang='lat' dir='ltr'>luotu&#39;.</span> <span class='ocrx_word' id='word_1_190' title='bbox 449 2772 508 2836; x_wconf 89' lang='lat' dir='ltr'>hoc</span> <span class='ocrx_word' id='word_1_191' title='bbox 538 2773 620 2836; x_wconf 89' lang='lat' dir='ltr'>enlm</span> <span class='ocrx_word' id='word_1_192' title='bbox 651 2771 803 2837; x_wconf 88' lang='lat' dir='ltr'>uocabulo</span> <span class='ocrx_word' id='word_1_193' title='bbox 834 2775 980 2838; x_wconf 91' lang='lat' dir='ltr'>restituto</span> <span class='ocrx_word' id='word_1_194' title='bbox 1002 2773 1187 2853; x_wconf 86' lang='lat' dir='ltr'>quibusnam</span> <span class='ocrx_word' id='word_1_195' title='bbox 1209 2775 1303 2840; x_wconf 86' lang='lat' dir='ltr'>lacri-</span> 
     </span>
     <span class='ocr_line' id='line_1_22' title="bbox 173 2865 1304 2963; baseline 0.003 -17"><span class='ocrx_word' id='word_1_196' title='bbox 173 2883 231 2946; x_wconf 89' lang='lat' dir='ltr'>mis</span> <span class='ocrx_word' id='word_1_197' title='bbox 254 2880 437 2946; x_wconf 71' lang='lat' dir='ltr'>ooma‘ficta</span> <span class='ocrx_word' id='word_1_198' title='bbox 458 2883 500 2946; x_wconf 89' lang='lat' dir='ltr'>sit</span> <span class='ocrx_word' id='word_1_199' title='bbox 523 2882 619 2945; x_wconf 86' lang='lat' dir='ltr'>uuida</span> <span class='ocrx_word' id='word_1_200' title='bbox 642 2865 857 2962; x_wconf 79' lang='lat' dir='ltr'>intellegitur,</span> <span class='ocrx_word' id='word_1_201' title='bbox 881 2901 949 2947; x_wconf 88' lang='lat' dir='ltr'>cum</span> <span class='ocrx_word' id='word_1_202' title='bbox 981 2903 1011 2948; x_wconf 92' lang='lat' dir='ltr'>u.</span> <span class='ocrx_word' id='word_1_203' title='bbox 1036 2888 1074 2948; x_wconf 88' lang='grc'>51</span> <span class='ocrx_word' id='word_1_204' title='bbox 1098 2883 1221 2963; x_wconf 77' lang='lat' dir='ltr'>legatur</span> <span class='ocrx_word' id='word_1_205' title='bbox 1240 2885 1304 2950; x_wconf 86' lang='lat' dir='ltr'>‘eb-</span> 
     </span>
     <span class='ocr_line' id='line_1_23' title="bbox 169 2991 1160 3082; baseline 0.002 -26"><span class='ocrx_word' id='word_1_206' title='bbox 169 2992 294 3056; x_wconf 86' lang='lat' dir='ltr'>iunctae</span> <span class='ocrx_word' id='word_1_207' title='bbox 316 2992 410 3072; x_wconf 89' lang='lat' dir='ltr'>paulo</span> <span class='ocrx_word' id='word_1_208' title='bbox 433 2997 507 3056; x_wconf 92' lang='lat' dir='ltr'>ante</span> <span class='ocrx_word' id='word_1_209' title='bbox 531 3010 637 3058; x_wconf 88' lang='lat' dir='ltr'>comae</span> <span class='ocrx_word' id='word_1_210' title='bbox 662 3011 732 3058; x_wconf 89' lang='lat' dir='ltr'>mea</span> <span class='ocrx_word' id='word_1_211' title='bbox 754 2992 821 3058; x_wconf 89' lang='lat' dir='ltr'>fata</span> <span class='ocrx_word' id='word_1_212' title='bbox 843 3011 965 3082; x_wconf 71' lang='lat' dir='ltr'>sorores</span> <span class='ocrx_word' id='word_1_213' title='bbox 988 2991 1160 3077; x_wconf 52' lang='lat' dir='ltr'>tepebunt&amp;</span> 
     </span>
     <span class='ocr_line' id='line_1_24' title="bbox 254 3100 591 3195; baseline 0.003 -30"><span class='ocrx_word' id='word_1_214' title='bbox 254 3100 329 3166; x_wconf 90' lang='lat' dir='ltr'>ibid.</span> <span class='ocrx_word' id='word_1_215' title='bbox 349 3120 382 3192; x_wconf 69' lang='lat'>,¹¹·</span> <span class='ocrx_word' id='word_1_216' title='bbox 405 3105 463 3166; x_wconf 84' lang='lat'>93:</span> <span class='ocrx_word' id='word_1_217' title='bbox 588 3190 591 3195; x_wconf 93' lang='lat'>.</span> 
     </span>
     <span class='ocr_line' id='line_1_25' title="bbox 323 3228 1007 3300; baseline 0.006 -18"><span class='ocrx_word' id='word_1_218' title='bbox 323 3228 413 3282; x_wconf 84' lang='lat' dir='ltr'>sidera</span> <span class='ocrx_word' id='word_1_219' title='bbox 433 3244 481 3281; x_wconf 86' lang='lat' dir='ltr'>cur</span> <span class='ocrx_word' id='word_1_220' title='bbox 497 3229 598 3282; x_wconf 89' lang='lat' dir='ltr'>iterent</span> <span class='ocrx_word' id='word_1_221' title='bbox 613 3229 717 3284; x_wconf 89' lang='lat' dir='ltr'>utinam</span> <span class='ocrx_word' id='word_1_222' title='bbox 737 3242 815 3284; x_wconf 89' lang='lat' dir='ltr'>coma</span> <span class='ocrx_word' id='word_1_223' title='bbox 832 3231 909 3300; x_wconf 80' lang='lat' dir='ltr'>regia</span> <span class='ocrx_word' id='word_1_224' title='bbox 928 3230 1007 3286; x_wconf 87' lang='lat' dir='ltr'>fiam:</span> 
     </span>
     <span class='ocr_line' id='line_1_26' title="bbox 388 3321 964 3392; baseline 0.002 -17"><span class='ocrx_word' id='word_1_225' title='bbox 388 3321 527 3388; x_wconf 80' lang='lat' dir='ltr'>proximus</span> <span class='ocrx_word' id='word_1_226' title='bbox 546 3321 702 3392; x_wconf 84' lang='lat' dir='ltr'>Hydrochoi</span> <span class='ocrx_word' id='word_1_227' title='bbox 719 3322 838 3390; x_wconf 82' lang='lat' dir='ltr'>fulgeret</span> <span class='ocrx_word' id='word_1_228' title='bbox 856 3323 964 3378; x_wconf 89' lang='lat' dir='ltr'>Oarion.</span> 
     </span>
    </p>
   </div>
   <div class='ocr_carea' id='block_1_9' title="bbox 164 3435 1302 4294">
    <p class='ocr_par' dir='ltr' id='par_1_10' title="bbox 164 3435 1302 4294">
     <span class='ocr_line' id='line_1_27' title="bbox 167 3435 1302 3516; baseline 0.002 -16"><span class='ocrx_word' id='word_1_229' title='bbox 167 3435 265 3500; x_wconf 89' lang='lat' dir='ltr'>uerba</span> <span class='ocrx_word' id='word_1_230' title='bbox 287 3440 435 3516; x_wconf 87' lang='lat' dir='ltr'>corrupta</span> <span class='ocrx_word' id='word_1_231' title='bbox 459 3435 573 3500; x_wconf 87' lang='lat' dir='ltr'>‘sidera</span> <span class='ocrx_word' id='word_1_232' title='bbox 603 3453 657 3500; x_wconf 84' lang='lat' dir='ltr'>cur·</span> <span class='ocrx_word' id='word_1_233' title='bbox 688 3436 812 3500; x_wconf 90' lang='lat' dir='ltr'>iterent&#39;</span> <span class='ocrx_word' id='word_1_234' title='bbox 836 3455 917 3502; x_wconf 91' lang='lat' dir='ltr'>nunc</span> <span class='ocrx_word' id='word_1_235' title='bbox 947 3457 984 3502; x_wconf 88' lang='lat' dir='ltr'>ex</span> <span class='ocrx_word' id='word_1_236' title='bbox 1016 3438 1207 3503; x_wconf 87' lang='lat' dir='ltr'>Lachmanni</span> <span class='ocrx_word' id='word_1_237' title='bbox 1231 3457 1302 3504; x_wconf 88' lang='lat' dir='ltr'>con-</span> 
     </span>
     <span class='ocr_line' id='line_1_28' title="bbox 168 3545 1301 3629; baseline 0.004 -20"><span class='ocrx_word' id='word_1_238' title='bbox 168 3547 289 3611; x_wconf 88' lang='lat' dir='ltr'>iectura</span> <span class='ocrx_word' id='word_1_239' title='bbox 310 3546 354 3610; x_wconf 91' lang='lat' dir='ltr'>ita</span> <span class='ocrx_word' id='word_1_240' title='bbox 374 3546 516 3610; x_wconf 89' lang='lat' dir='ltr'>scribunt</span> <span class='ocrx_word' id='word_1_241' title='bbox 539 3545 652 3610; x_wconf 81' lang='lat' dir='ltr'>‘sidera</span> <span class='ocrx_word' id='word_1_242' title='bbox 669 3548 864 3611; x_wconf 84' lang='lat' dir='ltr'>corruerint&#39;.</span> <span class='ocrx_word' id='word_1_243' title='bbox 909 3549 991 3628; x_wconf 88' lang='lat' dir='ltr'>quod</span> <span class='ocrx_word' id='word_1_244' title='bbox 1014 3549 1100 3613; x_wconf 91' lang='lat' dir='ltr'>nullo</span> <span class='ocrx_word' id='word_1_245' title='bbox 1122 3551 1213 3613; x_wconf 78' lang='lat' dir='ltr'>morlo</span> <span class='ocrx_word' id='word_1_246' title='bbox 1230 3568 1301 3629; x_wconf 91' lang='lat' dir='ltr'>pos-</span> 
     </span>
     <span class='ocr_line' id='line_1_29' title="bbox 168 3656 1302 3739; baseline 0.003 -19"><span class='ocrx_word' id='word_1_247' title='bbox 168 3675 235 3720; x_wconf 93' lang='lat' dir='ltr'>sum</span> <span class='ocrx_word' id='word_1_248' title='bbox 259 3657 401 3736; x_wconf 89' lang='lat' dir='ltr'>probare.</span> <span class='ocrx_word' id='word_1_249' title='bbox 448 3674 643 3737; x_wconf 77' lang='lat' dir='ltr'>numaeque</span> <span class='ocrx_word' id='word_1_250' title='bbox 676 3656 766 3722; x_wconf 88' lang='lat' dir='ltr'>decet</span> <span class='ocrx_word' id='word_1_251' title='bbox 796 3676 913 3723; x_wconf 90' lang='lat' dir='ltr'>comam</span> <span class='ocrx_word' id='word_1_252' title='bbox 946 3663 1010 3722; x_wconf 89' lang='lat' dir='ltr'>tam</span> <span class='ocrx_word' id='word_1_253' title='bbox 1043 3659 1170 3739; x_wconf 90' lang='lat' dir='ltr'>impium</span> <span class='ocrx_word' id='word_1_254' title='bbox 1193 3666 1302 3724; x_wconf 91' lang='lat' dir='ltr'>uotum</span> 
     </span>
     <span class='ocr_line' id='line_1_30' title="bbox 166 3759 1302 3852; baseline 0.004 -23"><span class='ocrx_word' id='word_1_255' title='bbox 166 3783 278 3849; x_wconf 90' lang='lat' dir='ltr'>neque,</span> <span class='ocrx_word' id='word_1_256' title='bbox 301 3771 336 3829; x_wconf 93' lang='lat' dir='ltr'>ut</span> <span class='ocrx_word' id='word_1_257' title='bbox 359 3764 539 3831; x_wconf 89' lang='lat' dir='ltr'>uoti-fieret</span> <span class='ocrx_word' id='word_1_258' title='bbox 560 3785 701 3848; x_wconf 91' lang='lat' dir='ltr'>compos,</span> <span class='ocrx_word' id='word_1_259' title='bbox 726 3768 807 3852; x_wconf 70' lang='lat' dir='ltr'>lude}</span> <span class='ocrx_word' id='word_1_260' title='bbox 823 3769 943 3850; x_wconf 85' lang='lat' dir='ltr'>aliquid</span> <span class='ocrx_word' id='word_1_261' title='bbox 964 3759 1149 3834; x_wconf 83' lang='lat' dir='ltr'>lucraretur.</span> <span class='ocrx_word' id='word_1_262' title='bbox 1193 3770 1302 3835; x_wconf 88' lang='lat' dir='ltr'>rectis·</span> 
     </span>
     <span class='ocr_line' id='line_1_31' title="bbox 166 3877 1301 3957; baseline 0.005 -17"><span class='ocrx_word' id='word_1_263' title='bbox 166 3878 243 3941; x_wconf 90' lang='lat' dir='ltr'>simo</span> <span class='ocrx_word' id='word_1_264' title='bbox 267 3877 363 3957; x_wconf 85' lang='lat' dir='ltr'>igitur</span> <span class='ocrx_word' id='word_1_265' title='bbox 386 3877 501 3941; x_wconf 87' lang='lat' dir='ltr'>iudicio</span> <span class='ocrx_word' id='word_1_266' title='bbox 526 3878 610 3944; x_wconf 88' lang='lat' dir='ltr'>docti</span> <span class='ocrx_word' id='word_1_267' title='bbox 631 3877 705 3944; x_wconf 91' lang='lat' dir='ltr'>Itali</span> <span class='ocrx_word' id='word_1_268' title='bbox 729 3879 805 3944; x_wconf 90' lang='lat' dir='ltr'>mihi</span> <span class='ocrx_word' id='word_1_269' title='bbox 820 3880 970 3944; x_wconf 89' lang='lat' dir='ltr'>uidentur</span> <span class='ocrx_word' id='word_1_270' title='bbox 991 3881 1162 3945; x_wconf 83' lang='lat' dir='ltr'>correxisse</span> <span class='ocrx_word' id='word_1_271' title='bbox 1187 3882 1301 3946; x_wconf 87' lang='lat' dir='ltr'>‘sidera</span> 
     </span>
     <span class='ocr_line' id='line_1_32' title="bbox 168 3987 1300 4069; baseline 0.005 -19"><span class='ocrx_word' id='word_1_272' title='bbox 168 4004 222 4051; x_wconf 91' lang='lat' dir='ltr'>cur</span> <span class='ocrx_word' id='word_1_273' title='bbox 245 3987 415 4052; x_wconf 77' lang='lat' dir='ltr'>retinent‘l’</span> <span class='ocrx_word' id='word_1_274' title='bbox 447 4005 508 4052; x_wconf 92' lang='lat' dir='ltr'>non</span> <span class='ocrx_word' id='word_1_275' title='bbox 538 3994 613 4069; x_wconf 89' lang='lat' dir='ltr'>apte</span> <span class='ocrx_word' id='word_1_276' title='bbox 635 3995 740 4054; x_wconf 89' lang='lat' dir='ltr'>autem</span> <span class='ocrx_word' id='word_1_277' title='bbox 769 3991 863 4055; x_wconf 88' lang='lat' dir='ltr'>etiem</span> <span class='ocrx_word' id='word_1_278' title='bbox 894 3990 925 4055; x_wconf 93' lang='lat' dir='ltr'>in</span> <span class='ocrx_word' id='word_1_279' title='bbox 948 3989 1202 4055; x_wconf 87' lang='lat' dir='ltr'>Lachmanniana</span> <span class='ocrx_word' id='word_1_280' title='bbox 1224 3994 1300 4058; x_wconf 83' lang='lat' dir='ltr'>seri-</span> 
     </span>
     <span class='ocr_line' id='line_1_33' title="bbox 164 4097 1301 4188; baseline 0.006 -28"><span class='ocrx_word' id='word_1_281' title='bbox 164 4102 259 4178; x_wconf 88' lang='lat' dir='ltr'>ptura</span> <span class='ocrx_word' id='word_1_282' title='bbox 281 4097 450 4164; x_wconf 88' lang='lat' dir='ltr'>cohaerent</span> <span class='ocrx_word' id='word_1_283' title='bbox 480 4116 517 4162; x_wconf 90' lang='lat' dir='ltr'>ea</span> <span class='ocrx_word' id='word_1_284' title='bbox 545 4116 626 4180; x_wconf 89' lang='lat' dir='ltr'>quae</span> <span class='ocrx_word' id='word_1_285' title='bbox 655 4105 837 4188; x_wconf 85' lang='lat' dir='ltr'>sequuntur.</span> <span class='ocrx_word' id='word_1_286' title='bbox 884 4100 993 4166; x_wconf 89' lang='lat' dir='ltr'>debuit</span> <span class='ocrx_word' id='word_1_287' title='bbox 1027 4102 1109 4165; x_wconf 89' lang='lat' dir='ltr'>enim</span> <span class='ocrx_word' id='word_1_288' title='bbox 1143 4120 1231 4167; x_wconf 87' lang='lat' dir='ltr'>coma</span> <span class='ocrx_word' id='word_1_289' title='bbox 1254 4104 1301 4167; x_wconf 91' lang='lat' dir='ltr'>di·</span> 
     </span>
     <span class='ocr_line' id='line_1_34' title="bbox 167 4209 1301 4294; baseline 0.006 -23"><span class='ocrx_word' id='word_1_290' title='bbox 167 4225 254 4272; x_wconf 89' lang='lat' dir='ltr'>cere:</span> <span class='ocrx_word' id='word_1_291' title='bbox 278 4209 305 4272; x_wconf 87' lang='lat' dir='ltr'>si</span> <span class='ocrx_word' id='word_1_292' title='bbox 326 4227 408 4273; x_wconf 92' lang='lat' dir='ltr'>nnnc</span> <span class='ocrx_word' id='word_1_293' title='bbox 430 4228 488 4290; x_wconf 86' lang='lat' dir='ltr'>ego</span> <span class='ocrx_word' id='word_1_294' title='bbox 518 4209 633 4274; x_wconf 90' lang='lat' dir='ltr'>reddar</span> <span class='ocrx_word' id='word_1_295' title='bbox 654 4209 814 4277; x_wconf 85' lang='lat' dir='ltr'>Berenicis</span> <span class='ocrx_word' id='word_1_296' title='bbox 848 4213 968 4294; x_wconf 88' lang='lat' dir='ltr'>uertici,</span> <span class='ocrx_word' id='word_1_297' title='bbox 992 4217 1058 4278; x_wconf 90' lang='lat' dir='ltr'>tum</span> <span class='ocrx_word' id='word_1_298' title='bbox 1081 4231 1137 4294; x_wconf 90' lang='lat' dir='ltr'>per</span> <span class='ocrx_word' id='word_1_299' title='bbox 1158 4232 1207 4279; x_wconf 88' lang='lat' dir='ltr'>me</span> <span class='ocrx_word' id='word_1_300' title='bbox 1228 4215 1301 4280; x_wconf 90' lang='lat' dir='ltr'>licet</span> 
     </span>
    </p>
   </div>
   <div class='ocr_carea' id='block_1_10' title="bbox 0 0 1520 5078">
    <p class='ocr_par' dir='ltr' id='par_1_11' title="bbox 0 0 1520 5078">
     <span class='ocr_line' id='line_1_35' title="bbox 0 0 1520 5078; baseline 0 0"><span class='ocrx_word' id='word_1_301' title='bbox 0 0 1520 5078; x_wconf 95' lang='lat' dir='ltr'> </span> 
     </span>
    </p>
   </div>
  </div>
 </body>
</html>
