3032 5078
637 552 638 556 Ἰ
725 481 743 539 9

169 649 223 732 51]
245 652 369 730 sumpto
391 653 557 731 postquam
578 649 669 715 triste
691 648 769 714 illud
799 667 861 730 quo
883 647 1020 714 nondum
1040 647 1115 712 felix
1138 645 1301 714 fruebatur

168 760 273 841 puella
297 763 402 824 amata
425 765 547 841 tempus
570 759 832 836 commemorauit,
856 776 927 823 mox
948 759 979 822 in
1002 757 1113 822 melius
1136 758 1214 824 illud
1236 779 1301 826 mu-

167 874 269 934 tatum
286 874 396 950 aperta
413 869 590 934 amantibus
606 874 764 950 tamquam
780 868 902 950 refugio
924 867 999 934 Allii
1021 868 1111 932 domo
1135 867 1300 952 [bh-70]⁸

167 981 229 1045 iam
252 979 394 1046 Catullus
416 980 561 1048 Lesbiam
584 998 654 1052 cum
676 980 850 1070 Laudamia
878 979 921 1062 [u.
946 978 1107 1061 70-131]
1131 982 1299 1060 comparat.

167 1108 247 1170 quae
277 1092 469 1171 comparatio
499 1090 614 1155 nullam
646 1090 739 1156 aliam
762 1091 801 1155 ob
833 1107 958 1155 oausam
974 1088 1127 1176 instituta
1149 1106 1242 1168 quam
1267 1091 1302 1152 ut

166 1198 340 1280 profundus
361 1199 444 1264 illius
468 1218 555 1264 amor
574 1219 667 1282 quam
690 1193 823 1264 maxime
844 1199 995 1264 reddatur
1014 1199 1153 1276 illustria,
1178 1205 1212 1262 ut
1234 1216 1300 1263 oar-

168 1309 259 1373 minis
281 1309 371 1390 quasi
393 1310 501 1374 domus
523 1310 654 1374 interior
677 1316 737 1388 est,
762 1311 807 1374 ita
830 1310 860 1373 in
885 1307 962 1374 duas
984 1313 1091 1390 partes
1115 1305 1301 1372 discinditur

168 1419 334 1484 interiecta
353 1418 461 1484 fratris
483 1420 598 1485 mortui
621 1419 912 1512 commemoratione
935 1418 1000 1502 [uu.
1025 1417 1199 1501 91-101].
1244 1416 1301 1482 boa

167 1529 263 1609 igitur
288 1546 396 1594 uersus
419 1530 507 1611 quasi
531 1547 587 1610 pro
611 1529 719 1594 intimo
742 1529 851 1594 domus
868 1547 991 1594 recessu
1014 1528 1131 1596 babere
1151 1528 1232 1593 lieet.
1264 1547 1301 1592 ec

169 1644 273 1702 autem
288 1639 371 1720 quod
389 1639 573 1720 interposita
592 1639 631 1704 de
645 1637 751 1702 fratris
768 1644 868 1704 morte
882 1639 995 1704 acerba
1009 1639 1201 1719 digressione
1219 1637 1300 1701 Lau-

170 1748 292 1812 damiac
311 1749 474 1814 historiam
500 1750 652 1830 inceptam
674 1749 817 1828 disrupit,
842 1748 899 1813 hoc
920 1747 995 1812 mihi
1019 1733 1302 1814 uoluisse'uidetur

168 1858 309 1924 Catullus
332 1865 367 1923 ut
390 1864 491 1924 morte
513 1859 568 1924 illa
590 1845 680 1922 suum
703 1876 826 1940 quoque
847 1877 915 1924 cum
932 1858 1045 1922 Lesbia
1069 1877 1204 1923 amorem
1227 1858 1300 1923 olim

167 1970 355 2050 diremptum
378 1988 446 2034 esse
462 1967 622 2050 significet.
668 1970 729 2034 iam
752 1987 827 2033 uero
843 1977 938 2050 poeta
960 1968 1001 2032 od
1015 1969 1161 2034 carminis
1177 1987 1301 2034 cursum

166 2081 344 2145 institutum
361 2099 505 2145 reuersus
523 2099 583 2146 non
602 2080 706 2162 potuit
721 2085 884 2160 pertexere
895 2079 1087 2144 Laudamiae
1103 2098 1171 2144 erim
1187 2079 1301 2144 Lesbia

165 2191 427 2272 comparationem
445 2192 505 2256 nisi
519 2191 564 2255 ita
582 2195 616 2254 ut
632 2196 759 2255 seruata
774 2191 912 2271 partium
927 2189 1152 2271 aequabilitate
1170 2191 1301 2271 triginta

167 2300 311 2365 uersibus
333 2300 511 2383 [io—101]
535 2307 707 2383 opponeret
723 2301 853 2382 triginta
876 2301 992 2364 alteros
1008 2299 1217 2383 [ldln-lssl}
1242 2301 1301 2378 ita-

166 2430 227 2491 que
251 2410 334 2491 quod
358 2411 389 2474 in
417 2411 498 2476 hanc
519 2416 641 2492 partem
664 2411 812 2474 nonnulla
836 2409 942 2474 intulit
964 2411 1057 2491 plane
1080 2410 1182 2476 aliona
1203 2411 1300 2490 quod·

169 2538 230 2600 que
253 2537 319 2584 cam
342 2519 465 2600 longius
496 2539 588 2601 quam
611 2539 667 2602 pro
698 2525 804 2584 nostro
827 2522 880 2600 qui
902 2538 984 2585 nunc
1006 2539 1111 2584 surnus
1134 2527 1227 2598 gustu
1248 2539 1300 2584 ex·
1387 2595 1390 2600 Δ

170 2629 286 2709 tendit·
305 2629 396 2694 facile
419 2649 457 2692 ex
478 2630 540 2693 ista
562 2632 771 2711 symmetriam
793 2631 941 2695 seruandi
960 2631 1146 2696 necessitate
1170 2617 1300 2696 excusa·

169 2736 280 2801 bimus.
326 2741 447 2821 depicto
470 2741 528 2804 hoc
548 2741 639 2805 modo
659 2739 793 2804 Lesbiae
815 2759 920 2805 amore
936 2742 1049 2806 iterum
1066 2741 1180 2821 uiginti
1200 2759 1300 2822 prope

169 2847 311 2912 uersibus
334 2849 531 2934 [131-149]
555 2851 713 2933 adipeam
743 2852 898 2916 dominam
922 2869 1068 2915 reuersus
1098 2851 1130 2914 in
1161 2857 1300 2932 tempore

166 2957 273 3022 futuro
295 2959 338 3042 [u.
364 2964 423 3024 136
448 2959 596 3043 feremus]
626 2961 821 3043 depingendo
845 2968 1053 3026 commoratur
1074 2979 1169 3041 seque
1190 2967 1300 3043 utpote

167 3069 198 3131 in
219 3068 351 3134 muliere
373 3088 434 3134 nou
458 3071 687 3152 iustisnuptiis
709 3091 814 3138 secum
838 3073 945 3138 iuncta
967 3089 1028 3135 non
1050 3072 1141 3136 nimis
1165 3073 1300 3153 rigidum

166 3184 199 3244 et
229 3197 372 3245 seuerum
404 3199 523 3245 morum
557 3181 641 3247 illius
675 3184 834 3248 custodem
867 3181 933 3246 fore
965 3180 1110 3246 affirmat.
1163 3183 1298 3263 denique

166 3290 210 3373 [u.
238 3291 419 3373 lte—160]
443 3293 474 3354 in
498 3291 590 3370 Allia,
622 3297 656 3355 ut
678 3293 817 3371 initium,
850 3293 895 3356 ita
925 3291 1017 3356 finem
1044 3294 1190 3358 carminis
1212 3294 1297 3359 facit.

167 3399 428 3481 deprehendimus
454 3401 550 3480 igitur
572 3399 652 3465 hanc
676 3402 868 3481 singularum
885 3403 1021 3484 partium
1045 3405 1297 3486 responsionem:

227 3514 349 3574 40—51
375 3511 708 3595 (ar-70[(71-91)
732 3513 773 3594 q
795 3512 971 3593 (ar-101)
993 3534 1035 3570 :
1060 3515 1241 3599 ror-130]
1272 3585 1276 3593 ,

351 3646 355 3655 ·
546 3623 728 3703 131-149)
749 3626 927 3688 149-160.

252 3730 334 3808 Quid
354 3737 459 3797 autern
482 3733 541 3798 sibi
565 3731 634 3796 uult
656 3750 780 3798 carmen
803 3733 949 3798 vassn
974 3733 1014 3797 ad
1035 3732 1151 3799 Allium
1174 3735 1220 3799 ita
1243 3735 1299 3799 da·

168 3846 233 3904 tum
257 3847 289 3904 et
309 3843 341 3904 in
363 3843 475 3922 gratiis
498 3843 581 3908 Allio
604 3843 734 3923 agendis
762 3845 808 3908 ita
830 3850 990 3908 uersatum
1014 3849 1047 3908 ut
1071 3850 1172 3908 tamen
1195 3844 1299 3909 omnia

166 3952 205 4016 ad
238 3953 328 4016 unius
359 3951 491 4016 Lesbiae
522 3953 630 4017 laudes
665 3959 761 4034 atque
790 3941 1054 4035 praedicationem
1085 3955 1298 4020 contendant?

165 4062 310 4125 nimirum
336 4061 477 4126 Catullus
500 4062 629 4126 Romam
649 4083 682 4126 se
706 4082 905 4129 reuersurum
926 4082 993 4130 esse
1015 4083 1085 4130 cum
1108 4066 1206 4144 allio,
1231 4071 1296 4130 tum

164 4152 239 4235 uero
255 4171 387 4236 Lesbiae
411 4173 544 4236 nuntiat.
568 4175 622 4240 sed
646 4177 811 4255 quominus
834 4176 928 4240 misso
948 4176 1084 4241 carmine
1107 4175 1161 4241 illo
1183 4194 1297 4258 perga·

165 4300 232 4346 mus
255 4275 424 4362 prohibent
444 4284 511 4348 eius
536 4303 564 4347 u.
592 4288 651 4348 135
662 4303 723 4366 sq:
