3032 5078
731 477 771 538 23

272 643 402 709 Duobus
432 649 539 710 autem
570 646 721 726 exemplis
751 649 855 726 potest
891 648 976 708 certo
1010 644 1220 710 demonstrari
1250 662 1319 708 eam

186 771 269 836 quae
291 755 452 837 exemplar
484 754 665 820 Ueronense
695 755 812 820 insedit
842 755 1103 834 deprauationem
1137 755 1201 818 iam
1227 755 1321 819 tertio

186 869 365 946 quartoque
394 883 425 945 p.
456 862 526 929 Chr.
557 883 587 928 n.
619 866 744 932 saeculo
775 864 946 930 maximam
984 871 1108 945 partem
1137 863 1320 945 optinuisse.

185 973 323 1055 primum
347 975 431 1038 enim
454 974 634 1058 Hyginum)
658 975 789 1059 [astron.
822 974 933 1057 poetic.
964 974 995 1038 II
1020 974 1074 1057 24]
1095 974 1171 1038 haec
1193 974 1320 1038 scribit:

188 1089 271 1148 ‘sunt
291 1085 382 1152 aliae'
399 1090 519 1166 septem
542 1085 652 1150 stellae
675 1087 716 1150 ad
740 1086 874 1152 caudam
897 1084 996 1148 leonis
1019 1085 1051 1148 in
1069 1084 1228 1166 triangulo
1250 1103 1322 1149 con·

185 1194 323 1272 locatae,
352 1210 431 1274 quas
460 1195 560 1260 crines
583 1195 750 1262 Berenices
780 1213 848 1262 esse
870 1193 977 1260 Conon
999 1193 1124 1260 Samius
1146 1193 1321 1259 mathema-

186 1305 267 1369 ticus
290 1308 321 1369 et
345 1303 555 1369 Callimachus
578 1306 664 1371 dicit.
709 1325 780 1372 cum
802 1306 1003 1372 Ptolomaeus
1025 1305 1214 1384 Berenicen,
1247 1305 1320 1369 Pto·

185 1415 300 1479 lomaei
329 1420 362 1478 et
386 1415 532 1479 Arsinoes
563 1415 744 1498 [aristonis'
776 1417 878 1500 codd]
910 1415 1025 1496 filiam,
1056 1433 1195 1480 sororem
1218 1433 1320 1496 suam,

188 1525 328 1590 duxisset
358 1543 486 1588 uxorem
518 1532 550 1590 et
578 1527 687 1607 paucis
715 1533 787 1608 post
825 1525 935 1591 diebus
962 1526 1070 1590 Asiam
1103 1533 1320 1608 oppugnatum

188 1634 349 1717 profectus
372 1639 464 1716 esset,
488 1637 614 1700 uouisse
629 1636 810 1716 Berenicen,
835 1637 860 1700 si
885 1637 983 1700 victor
998 1635 1200 1703 Ptolomaeus
1222 1640 1321 1704 redis-

189 1752 246 1826 set,
271 1765 304 1810 se
327 1747 445 1811 crinem
466 1747 679 1812 detonsuram.
726 1764 788 1826 quo
812 1753 887 1811 uoto
903 1747 1109 1828 dampnatam
1132 1749 1235 1813 crines
1258 1749 1320 1833 [ita

186 1857 313 1938 scripsi:
350 1856 486 1922 ‘crinem'
512 1856 616 1939 codd]
638 1856 670 1919 in
695 1855 826 1922 Ueneris
848 1857 996 1920 Arsinoes
1026 1857 1238 1940 Zephyritidis
1266 1879 1321 1940 po-

185 1968 286 2034 suisse
308 1967 426 2047 templo
455 1983 571 2047 eosque
593 1972 720 2048 postero
741 1967 793 2032 die
814 1985 876 2030 non
899 1969 1121 2049 comparuisse.
1167 1970 1252 2048 quod
1274 1969 1289 2032 f
1309 2006 1321 2016 -

188 2085 275 2144 ctum
299 2096 371 2143 cum
393 2095 449 2142 rex
469 2093 564 2156 aegre
594 2076 708 2162 ferret,
742 2077 849 2142 Conon
872 2076 931 2160 [ita
952 2096 1024 2158 ego:
1063 2077 1178 2143 ‘Conon
1201 2079 1321 2145 mathe·
1359 2161 1366 2170 ἱ

186 2188 330 2254 maticus'
355 2187 442 2252 codd.
465 2204 503 2251 ex
519 2187 720 2270 glossemate]
736 2187 864 2268 cupiens
879 2188 958 2256 inire
979 2188 1114 2269 gratiam
1137 2191 1220 2270 regis
1242 2191 1321 2255 dixit

186 2300 305 2366 crinem
337 2301 419 2362 inter
441 2297 547 2364 sidera
580 2297 765 2362 collocatum
795 2297 897 2364 uideri
926 2304 959 2364 et
986 2299 1140 2379 quasdam
1162 2319 1322 2367 uacuasa

185 2409 289 2491 figura
311 2414 432 2491 septem
452 2407 560 2472 stellas
578 2408 724 2485 ostendit,
750 2425 829 2488 quas
852 2427 920 2474 esse
934 2407 1067 2486 fingeret
1080 2411 1206 2476 crinem.
1242 2411 1322 2476 hanc

186 2520 359 2585 Berenicen
391 2517 533 2584 nonnulli
563 2511 635 2584 cuin
663 2517 856 2583 Callimacho
892 2519 1038 2584 dixerunt
1060 2537 1158 2600 equos
1181 2521 1267 2585 alere
1290 2527 1321 2586 et

187 2631 229 2696 ad
250 2629 397 2713 Olympia
426 2629 554 2692 mittere
583 2635 765 2694 consuetam
797 2628 903 2700 fuisse.
948 2628 1004 2692 alii
1036 2629 1144 2694 dicunt
1173 2631 1232 2696 hoc
1254 2649 1321 2696 am-

186 2740 278 2823 plius,
302 2740 519 2804 Ptolomaeum
534 2738 699 2806 Berenices
713 2743 837 2820 patrem
860 2738 1064 2805 multitudine
1087 2740 1224 2806 hostium
1249 2759 1321 2821 per-

186 2851 332 2915 territum
357 2849 442 2930 fuga,
455 2849 591 2914 salutem
614 2851 747 2931 petisse,
776 2847 874 2914 filiam
894 2855 1001 2913 autem
1022 2867 1117 2931 saepe
1139 2856 1320 2916 consuetam

185 2961 343 3026 insiluisse
364 2961 397 3024 in
419 2977 537 3040 equum
560 2965 592 3023 et
613 2959 770 3041 reliquam
794 2959 917 3040 copiam
941 2962 1097 3026 exercitus
1121 2961 1321 3026 constituisse

185 3077 218 3137 et
240 3071 416 3152 complures
432 3068 569 3134 hostium
586 3070 787 3150 interfecisse,
812 3070 949 3151 reliquos
970 3071 1001 3134 in
1018 3070 1127 3152 fugam
1143 3073 1319 3153 coniecisse,

184 3201 325 3266 proquo
347 3183 445 3246 etiam
469 3179 680 3246 Callimachus
704 3199 775 3246 eam
793 3181 1028 3262 magnanimem
1052 3183 1151 3247 dixit’.
1197 3185 1228 3248 in
1252 3185 1321 3265 qui·

185 3295 244 3358 bus
264 3293 371 3358 uerbis
394 3291 553 3374 Hyginum
575 3291 631 3356 illa
653 3308 808 3373 perquam
829 3293 911 3356 miro
937 3292 1026 3357 ‘hanc
1048 3293 1219 3358 Berenicen
1243 3313 1320 3358 non-

183 3399 262 3468 nulli
295 3420 366 3468 cum
394 3401 587 3467 Callimacho
624 3402 772 3466 dixerunt
811 3420 908 3482 equos
938 3403 1033 3468 alere’
1068 3404 1252 3485 ascripsisse
1283 3423 1321 3470 ex
1382 3453 1403 3468 ,

184 3514 302 3580 Catulli
327 3512 441 3595 [LXVI
464 3512 518 3595 54]
541 3512 647 3576 uerbis
670 3513 716 3576 ita
738 3513 770 3576 in
787 3511 962 3578 Ueronensi
985 3513 1168 3595 deprauatis
1193 3516 1321 3581 ‘obtulit

183 3626 331 3690 Arsinoes
353 3622 512 3688 Acoridos
526 3622 584 3686 alis
609 3623 716 3702 equos'
746 3641 807 3686 non
839 3622 921 3704 fugit
942 3624 1075 3705 Hauptii
1100 3625 1236 3708 [quaest.
1260 3625 1320 3691 Ca·

183 3735 252 3800 tull.
276 3735 330 3818 84]
353 3750 495 3798 acumen.
541 3749 642 3813 eaque
665 3750 715 3796 res
738 3736 804 3798 tam
832 3734 920 3799 clara
947 3740 1045 3826 atque
1075 3740 1188 3818 aperta
1210 3742 1258 3800 est
1282 3741 1320 3799 ut

182 3847 294 3911 subeat
309 3844 420 3909 mirari
436 3844 617 3924 nuperrime
631 3841 780 3908 Ottonem
795 3842 1022 3910 Schneiderum
1045 3847 1077 3909 in
1100 3845 1319 3910 Callimacheis

181 3956 225 4041 [ll
247 3976 277 4038 p.
301 3955 375 4038 151]
397 3954 438 4019 ad
459 3958 619 4018 contortas
643 3954 920 4034 interpretationes
935 3955 1103 4036 confugere
1125 3974 1222 4037 quam
1244 3957 1319 4020 sim-

222 4082 276 4184 *l
289 4082 329 4171 de
355 4116 413 4170 eius
438 4120 528 4170 aetate
551 4115 686 4170 uidendus
711 4117 860 4170 Bursianus
884 4117 910 4170 in
943 4116 1075 4171 Fleckeis.
1095 4117 1184 4171 annal.
1202 4133 1225 4170 a.
1250 4120 1319 4172 1866

179 4227 207 4278 p.
226 4211 285 4262 773.
322 4225 356 4262 ex
381 4209 498 4264 eiusdem
526 4209 578 4262 uiri
606 4208 679 4264 docti
705 4209 895 4266 collationibus
920 4209 1112 4265 humanissime
1138 4211 1319 4280 suppeditatis

182 4310 267 4372 caput
285 4302 455 4372 Hygiauaum
474 4301 645 4357 emendatum
663 4302 806 4372 adscripsi.
