3032 5078
759 457 778 518 8

200 627 276 694 licta
320 625 520 694 solitudinem
557 625 685 708 petendi
722 627 827 710 gratia
861 623 1020 691 Ueronam
1067 626 1237 693 contendit.
1283 585 1336 692 ubi

202 755 295 820 quarn
336 736 463 818 longum
500 755 558 819 per
594 740 717 819 tempus
749 743 957 803 commoratus
993 736 1036 804 sit
1077 739 1230 803 incertum
1271 743 1335 818 est3

201 847 257 913 sed
289 852 325 912 ut
358 852 497 928 tempus,
534 847 579 912 ita
612 848 690 913 artis
722 847 866 930 poeticae
906 846 1043 913 studium
1084 847 1237 930 paulatim
1260 847 1336 912 leni-

148 957 150 961 ’
204 962 298 1024 erunt
320 974 448 1022 saeuum
473 956 539 1021 eius
562 956 709 1022 dolorem.
755 959 823 1040 ipse
845 962 949 1022 autem
965 975 1059 1022 unam
1079 961 1202 1024 tantum
1226 975 1336 1040 capsu-

201 1069 265 1135 lam
292 1086 326 1133 se
354 1066 513 1132 Ueronam
534 1071 678 1149 portasse
706 1085 810 1134 secum
840 1067 878 1151 [c.
911 1065 1057 1132 LXVIII·
1089 1087 1119 1131 n.
1145 1067 1199 1151 36]
1222 1067 1334 1133 innuit.

202 1176 373 1261 quecquid
389 1176 579 1242 continuerit
601 1176 701 1244 facilis
718 1183 767 1244 est
789 1179 978 1244 coniectura.
1001 1182 1076 1243 tunc
1091 1177 1173 1242 enim
1190 1176 1335 1242 Ueronae

203 1287 345 1354 Catullus
359 1287 458 1352 latine
472 1287 569 1352 uertit
585 1285 768 1360 Callimachi
780 1289 951 1368 πλόκαμον
965 1291 1139 1370 Βερενίκης
1162 1286 1201 1370 [o.
1220 1285 1336 1369 LXVI]

126 1437 128 1446 ·
203 1397 351 1479 misitque
362 1397 536 1478 praemissa
553 1398 690 1478 epistula
707 1398 744 1482 {a
765 1397 864 1481 LXV]
881 1397 1049 1462 Hortensio
1072 1397 1180 1462 amico.
1204 1397 1266 1461 iam
1289 1415 1336 1460 se-

203 1509 278 1574 data
299 1507 432 1574 tristitia
450 1505 582 1572 Romam
604 1508 764 1574 rediturus
786 1508 913 1591 scripsit
941 1507 982 1572 ad
1011 1507 1126 1572 Allium
1149 1507 1282 1572 amicum
1304 1507 1334 1570 io

202 1636 237 1682 re
256 1618 380 1688 ‚incerta
402 1617 607 1682 certissimum
631 1636 755 1684 carmen
777 1618 937 1698 LXVIHl,
962 1636 1040 1700 quo,
1071 1617 1098 1681 si
1120 1616 1199 1681 iliud
1231 1618 1336 1698 ‘super

202 1727 268 1792 alta
285 1731 393 1792 uectus
410 1727 494 1791 Attis
510 1726 621 1794 celerei
638 1733 707 1793 rata
722 1728 830 1794 maria'
848 1729 993 1810 excipias,
1019 1745 1079 1792 non
1096 1725 1247 1806 grandius
1265 1726 1334 1792 dul·

204 1839 333 1920 cinsque
355 1837 430 1902 tulit
451 1837 554 1918 poesis
572 1835 759 1903 Catulliana.
805 1837 888 1920 quod
912 1855 1046 1916 carmen,
1070 1854 1258 1917 quamquam
1281 1855 1335 1900 no-

202 1948 285 2012 minc
307 1948 433 2028 quidem
456 1946 497 2012 ad
519 1946 636 2012 Allium
660 1948 768 2014 datum
796 1954 860 2029 est,
892 1966 1025 2013 reuera
1047 1952 1152 2012 tamen
1181 1952 1281 2013 totum
1304 1948 1335 2012 in

202 2058 335 2124 Lesbiae
350 2057 495 2122 laudibus
511 2059 699 2140 exequendis
716 2065 871 2124 uersatur.
917 2058 990 2123 Allii
1008 2059 1090 2122 enim
1106 2058 1245 2126 amicitia
1265 2077 1335 2141 per-

204 2173 312 2251 specta
350 2165 551 2250 officiosaque
588 2169 786 2250 humanitaS,
820 2189 883 2253 qua
921 2169 974 2234 ille
1007 2167 1184 2234 amantibus
1215 2169 1336 2234 miseris

203 2278 366 2359 succurrit,
390 2279 567 2361 iterumque
588 2298 697 2361 preces
719 2300 776 2363 pro
805 2280 943 2346 eiusdem
965 2279 1041 2344 Allii
1064 2279 1266 2361 coniugisque
1287 2297 1336 2344 sa-

21 2411 23 2416 ’
142 2456 146 2460 ,
203 2389 270 2454 lute
293 2389 466 2470 gratiarum
487 2390 554 2456 loco
577 2396 741 2474 susceptae
771 2391 861 2474 quasi
884 2391 986 2456 lineae
1012 2394 1085 2455 suot
1106 2389 1219 2471 quibus
1240 2390 1336 2455 inclu-

204 2498 290 2564 ditur
315 2498 448 2564 Lesbiae
470 2501 585 2566 amoris
616 2506 648 2566 et
672 2502 821 2583 temporis
844 2500 1015 2566 dulcissimi
1045 2518 1065 2564 a
1094 2505 1188 2581 poeta
1208 2518 1277 2566 oum
1301 2518 1338 2566 ca

203 2609 324 2690 peracti
345 2610 448 2691 imago
471 2610 626 2676 coloribus
647 2611 850 2676 uiuidissimis
873 2610 1006 2692 depicta.
1052 2610 1092 2675 ad
1109 2611 1225 2676 Allium
1241 2611 1338 2691 igitur
1442 2679 1447 2684 ,

203 2701 297 2801 primi
312 2721 527 2786 tantummodo
542 2733 652 2786 uersus
669 2721 775 2786 decem
783 2719 939 2804 [41-51]
952 2720 1125 2804 itidemque
1143 2721 1244 2786 ultimi
1261 2721 1337 2804 [149

209 2831 329 2914 --160J
352 2835 513 2912 spectant;
545 2832 655 2897 mediis
684 2837 787 2896 autern
815 2829 958 2899 uersibus
989 2830 1165 2915 [ol-149]
1194 2829 1337 2896 Catullus

122 2991 131 2998 .
204 2942 251 3005 ita
278 2959 368 3006 suum
398 2959 467 3006 cum
497 2940 611 3006 Lesbia
642 2959 779 3007 amorem
808 2941 958 3006 describit
987 2946 1022 3022 ut
1056 2946 1160 3005 utrum
1189 2938 1337 3006 affectum

204 3051 425 3115 suauissimum
457 3068 496 3114 an
527 3068 677 3116 summam
707 3051 785 3114 artis
814 3052 955 3132 poeticae
983 3050 1206 3132 perfectionem
1239 3051 1337 3131 magis

203 3161 368 3227 admireris
391 3161 519 3226 nescias.
571 3179 642 3226 narn
678 3160 771 3225 huius
812 3161 1030 3243 descriptionis
1058 3160 1201 3242 singulae
1229 3166 1337 3242 partes

107 3261 110 3268 ’
205 3276 294 3336 tanta
317 3290 387 3337 cum
406 3288 481 3336 cura
504 3270 661 3351 expolitae
681 3276 754 3336 sunt
783 3276 832 3352 ut,
861 3289 1048 3353 quamquam
1077 3289 1138 3335 non
1169 3287 1268 3351 usque
1297 3271 1337 3335 ad

204 3399 351 3446 uersuum
374 3398 537 3446 numerum
559 3381 618 3446 sibi
639 3382 830 3463 respondent
851 3383 900 3463 (nt
916 3381 1031 3446 bonurn
1047 3379 1267 3460 architectum,
1292 3381 1337 3446 ita

206 3496 331 3572 poetam
366 3509 428 3555 non
460 3491 647 3556 mediocrem
678 3491 835 3556 interdum
873 3491 1026 3571 quaedam
1061 3490 1259 3571 neglegentia
1289 3497 1337 3556 at-

202 3619 264 3681 que
288 3597 492 3683 ἀσυμμετρία
508 3601 622 3686 decet),
647 3608 751 3668 tamen
767 3606 889 3682 gratam
909 3601 1136 3682 iocundamque
1158 3620 1264 3666 aarum
1285 3621 1336 3667 ae-

202 3710 421 3792 quabilitatem
443 3709 570 3777 habeas.
615 3691 674 3779 hac
696 3730 820 3794 quoque
842 3712 880 3775 in
896 3729 931 3776 re
954 3709 1029 3791 quin
1053 3709 1336 3776 Alexandrinorum

202 3822 336 3903 uestigia
366 3822 517 3904 presserit
546 3821 688 3888 Catullus
717 3841 779 3886 non
808 3827 914 3904 potest
942 3820 1091 3885 dubitari.
1137 3839 1205 3886 cum
1231 3829 1337 3888 autern

202 3931 416 4014 Westphalius
425 3931 468 4015 [p.
479 3936 518 3997 73
528 3932 610 4016 sqq]
620 3934 658 3998 de
668 3933 760 3997 huius
773 3931 919 3998 carminis
928 3929 1098 3996 artificiosa
1114 3933 1337 4013 compositione

201 4061 303 4108 meras
339 4042 507 4124 protulerit
534 4060 633 4124 nugas
663 4043 755 4125 (bene
791 4060 893 4108 ease
916 4041 1069 4122 Rettigio,
1100 4039 1279 4107 Catulliana
1303 4042 1335 4106 Π

201 4147 232 4234 p.
259 4158 383 4235 lisqq,
407 4152 570 4233 reiectas),
602 4171 703 4218 meam
725 4152 801 4218 libet
837 4152 979 4235 proferre
1003 4152 1199 4216 sententiam.
1244 4152 1335 4216 initio

201 4267 306 4329 autem
328 4263 483 4346 arminia,
507 4267 544 4327 ut
564 4264 627 4328 iam
650 4263 733 4346 ιιιι,
757 4264 797 4329 ao
818 4263 893 4329 arun
922 4241 1158 4346 praedicatione
1181 4260 1225 4344 [u.
1251 4265 1334 4326 41-
