3032 5078
742 431 781 490 52

193 598 263 662 cula
286 597 444 661 desiderat
473 596 672 661 adiectiuum.
718 597 910 662 dirimendae
943 601 1016 662 sunt
1038 596 1164 692 litterae
1195 593 1331 659 11611111-

194 725 264 771 sera
296 706 450 788 esperare'
488 707 748 789 scribendumque
786 707 839 790 (de
882 707 1047 788 ‘esperare’
1082 707 1120 773 61.
1158 706 1330 772 Lachman-

194 835 382 882 166661111.
407 817 496 883 Lucr.
521 836 550 899 p.
575 818 668 901 232):
700 820 771 882 ‘non
793 818 870 883 haec
891 819 1006 882 misera
1030 835 1160 898 sperare
1181 815 1330 880 iubebas'.

194 928 255 992 iam
279 946 334 1008 por
357 927 485 994 cbiasmi
508 946 602 1009 qnam
619 933 734 994 uocant
755 929 951 1010 grammatici
973 925 1104 1009 figuram
1128 928 1187 992 sibi
1203 945 1330 1010 respon·

194 1038 269 1104 dent
293 1055 361 1102 cum
386 1037 473 1105 ‘haec
493 1039 614 1103 misera'
636 1045 669 1104 61
688 1039 830 1104 ‘conubia
852 1039 956 1120 laeta,
981 1027 1055 1103 tum
1070 1035 1331 1119 ‘baecpromissa’

194 1155 226 1214 et
258 1151 393 1230 ‘optatos
426 1149 632 1232 hymenaeos’.
670 1187 711 1198 —
742 1152 781 1215 de
819 1151 940 1215 ‘misera
970 1149 1107 1231 sperare'
1137 1148 1175 1216 cf.
1208 1167 1237 1211 u.
1270 1151 1331 1210 186

195 1259 291 1325 ‘nulla
315 1259 405 1342 spos'.

282 1388 357 1454 ibid.
382 1392 440 1452 171
464 1406 549 1469 sqq.:

415 1531 545 1600 Juppiter
561 1530 746 1600 omnipotens,
764 1531 868 1585 utinam
886 1546 920 1585 ne
937 1539 1059 1600 tempore
1077 1531 1164 1600 primo

417 1623 519 1678 Gnosia
530 1623 688 1693 ⁴Cecropiae
705 1623 860 1692 tetigissent
877 1623 960 1679 111616
977 1639 1094 1694 puppes.

149 1829 153 1843 ,
196 1764 222 1827 si
257 1762 397 1826 Ariadna
426 1762 614 1844 principium
646 1761 720 1827 mali
758 1763 806 1826 sui
844 1763 984 1827 execrari
1017 1761 1132 1843 uoluit,
1164 1761 1273 1826 debuit
1296 1759 1332 1824 il·

201 1873 255 1936 lud
285 1870 435 1953 repetere
460 1847 499 1938 ab
522 1873 682 1955 Androgei
706 1872 844 1937 Athenas
874 1873 997 1937 itinere.
1044 1873 1116 1937 uide
1140 1871 1216 1936 mibi
1238 1888 1332 1952 porro

196 2001 289 2064 quam
312 1983 404 2065 plane
425 1988 555 2064 praeter
575 1984 794 2049 necessitatem
824 1983 871 2048 bis
894 1982 978 2047 idem
1013 1982 1136 2046 dicotur
1158 2000 1188 2045 u.
1214 1984 1273 2045 172
1300 1985 1332 2044 61

196 2111 226 2156 u.
254 2097 324 2157 174.
348 2099 434 2158 16616
456 2113 490 2159 66
519 2093 648 2158 habebit
679 2093 756 2158 illud
790 2095 940 2176 ‘tempore
962 2092 1081 2174 primo'‚
1106 2093 1132 2157 si
1155 2091 1333 2173 reposueris

197 2201 324 2268 ‘Gnosia
344 2202 512 2286 Cecropiae
534 2204 690 2285 tetigisset
706 2203 800 2268 litora
815 2201 948 2285 puppis'
970 2207 1107 2267 ceterum
1126 2203 1187 2266 iam
1203 2203 1333 2282 antiquo

195 2319 336 2396 tempore
356 2314 472 2379 insedit
492 2315 614 2380 uitium.
659 2333 731 2378 nam
757 2315 790 2379 id
813 2314 897 2396 quod
920 2315 951 2377 in
982 2312 1012 2376 V
1028 2314 1180 2377 traditum
1203 2313 1332 2378 ostiam

194 2422 371 2489 Macrobius
394 2424 466 2508 [661
491 2425 581 2506 Vll,
605 2424 660 2508 42]
683 2425 770 2508 legit,
793 2426 847 2507 qui
869 2425 971 2489 minus
993 2429 1077 2490 recte
1098 2423 1176 2489 illud
1190 2421 1333 2504 Uergilio

197 2532 288 2618 [Aen.
311 2533 356 2599 IV
378 2540 440 2600 656
464 2535 525 2618 sq.]
549 2536 750 2601 obuersatum
773 2553 841 2600 esse
862 2535 1031 2600 contendit.

288 2653 363 2720 ibid.
390 2658 451 2718 178
474 2672 537 2735 sq.:

419 2807 614 2862 Idomeneosne
632 2812 723 2875 petam
741 2805 869 2860 montes?
888 2821 913 2871 6,
933 2803 1040 2872 gurgite
1058 2803 1115 2859 1616

416 2900 574 2955 (1166616616
592 2898 670 2968 ponti
688 2898 871 2953 truculentum
890 2898 938 2952 ubi
955 2897 1053 2952 diuidit
1070 2911 1182 2962 aequor.

198 3039 305 3120 ‘ponti'
332 3039 370 3119 0,
395 3038 544 3120 ‘pontum’
573 3038 602 3101 G
622 3055 721 3118 praue
744 3038 851 3102 tradit.
896 3056 957 3103 non
981 3038 1064 3102 cadit
1087 3041 1192 3101 autem
1216 3035 1247 3099 in
1268 3051 1333 3098 661·

198 3149 299 3212 monis
330 3149 499 3213 Catulliani
530 3148 766 3229 simplicitatem
795 3149 868 3213 talis
899 3164 1138 3231 synonymorum
1164 3144 1333 3211 cumulatio

198 3258 387 3322 ‘discernens
410 3257 544 3322 diuidit'.
589 3275 661 3321 nam
683 3276 812 3339 prorsus
827 3258 891 3323 6116
911 3259 993 3322 16116
1013 3264 1061 3322 661
1076 3257 1223 3341 carminis
1244 3271 1334 3320 sexa-

152 3377 154 3382 ·
195 3368 305 3448 gesimi
328 3368 424 3447 tertii,
449 3368 502 3432 ubi
517 3365 697 3433 affectatum
720 3374 815 3450 atque
833 3369 1011 3449 quaesitum
1032 3374 1080 3432 est
1095 3366 1173 3432 illud
1197 3367 1229 3429 in
1246 3369 1333 3429 utra·

195 3497 257 3562 quc
290 3496 400 3543 uersus
433 3483 524 3561 parte
554 3478 648 3559 plane
687 3479 769 3544 idem
806 3479 930 3544 dicendi
967 3478 1114 3542 studium.
1167 3480 1332 3557 praeterea

196 3588 268 3654 ‘ubi’
304 3588 506 3669 uocabulum,
536 3607 732 3671 quocumque
754 3591 847 3656 modo
870 3589 1003 3671 accipis,
1034 3606 1095 3652 non
1117 3586 1214 3652 habet
1237 3587 1333 3650 inter-

194 3700 414 3780 pretationem.
451 3700 634 3765 emendandi
651 3699 825 3783 periculum
843 3699 1083 3782 lactu1·us(nam
1098 3703 1214 3764 certam
1229 3712 1332 3760 emen-

196 3810 355 3874 dationem
376 3808 518 3891 proierrc
548 3829 581 3876 se
603 3829 695 3893 posse
724 3829 815 3875 nemo
844 3809 936 3874 166116
958 3807 1141 3887 contendat)
1164 3806 1332 3888 aliquando

191 3920 269 3985 lusi:
294 3924 330 4000 ‘a
354 3923 478 4002 gurgite
499 3920 564 3986 lato
582 3921 762 3987 discernens
778 3921 866 4002 ponti
884 3920 1094 3985 truculentum
1110 3917 1231 3983 auidae
1247 3914 1330 3980 inui-

195 4029 253 4095 det
276 4031 430 4111 aequori,
457 4031 515 4097 boc
530 4038 593 4098 est:
617 4051 685 4098 cum
704 4040 824 4097 montes
845 4033 965 4114 patrios
980 4036 1089 4113 petere
1104 4030 1237 4110 cupiam,
1261 4043 1332 4108 pro·

194 4139 282 4204 hibet
305 4158 400 4207 mare.
