3032 5078
756 464 795 522 18

310 667 404 706 omnes
421 652 514 720 pusilli
531 659 558 707 ct
576 651 705 707 semitarii
722 653 848 718 moecbi3

311 753 341 800 tu
361 754 472 814 praetor
491 761 593 813 omncs,
614 761 666 799 une
687 746 720 800 de
740 746 878 814 capillatis

312 839 403 906 Celtis,
422 853 517 893 uerose
537 838 700 892 Celtiberiae
718 839 766 908 fili,

312 931 422 1000 Egnati,
440 947 528 999 opaca
548 947 627 999 quem
645 933 744 987 bonum
762 930 830 986 facit
847 931 936 986 barba

311 1033 338 1079 et
357 1025 424 1078 dens
442 1024 545 1079 Hibera
562 1023 713 1080 defricatus
731 1027 818 1079 urina.
1308 1027 1343 1080 20

209 1185 331 1246 tantum
361 1182 443 1246 enim
475 1179 563 1245 abest
601 1175 634 1245 u't
658 1200 727 1246 cum
758 1183 865 1250 Riesio
899 1200 1038 1248 summae
1062 1183 1212 1262 egestatis
1234 1181 1342 1262 imagi·

122 1297 125 1310 '
210 1309 280 1356 nem
310 1291 341 1356 in
373 1291 421 1356 his
444 1291 587 1356 uersibus
612 1309 794 1372 agnoscam,
826 1300 862 1358 ut
890 1293 985 1376 plane
1014 1293 1204 1359 contrarium
1237 1293 1343 1356 exeis

208 1401 328 1467 eliciam
351 1419 485 1466 sensum.
531 1420 602 1465 nom
635 1420 704 1466 cum
727 1401 870 1469 Catullus
893 1421 1013 1468 summa
1035 1421 1103 1468 cum
1127 1402 1343 1482 indignatione

123 1555 128 1569 ι
208 1511 483 1578 contubernalibus
513 1511 572 1577 hoc
602 1511 718 1577 obiciat
751 1513 834 1593 quod
865 1514 924 1596 ipsi
957 1515 1020 1578 sint
1043 1513 1161 1580 moechi
1183 1512 1288 1594 pusilli
1312 1518 1343 1579 ct

208 1623 376 1701 semitarii,
407 1622 483 1703 quid
497 1621 590 1686 aliud
616 1622 690 1686 hinc
711 1625 856 1704 sequitur
879 1643 972 1705 quam
995 1625 1140 1690 Lesbiam
1162 1642 1224 1688 non
1247 1621 1342 1687 fuisse

209 1732 419 1814 prostibulum
443 1723 663 1797 semitarium?
684 1750 764 1814 quae
787 1736 861 1814 quia
880 1739 949 1800 erat
963 1735 1068 1817 puella
1082 1734 1204 1814 nobilis,
1228 1734 1342 1797 idcirco

209 1843 293 1908 ‘boni
306 1843 462 1923 beatiquc'
478 1843 532 1907 illa
546 1842 732 1908 fruebantur
748 1845 800 1925 qui
819 1845 898 1908 alias
917 1843 1128 1911 abiectissima
1141 1843 1341 1908 sectabantur

208 1958 321 2020 scorta.
346 1989 388 1999 -
408 1953 553 2035 idemque
580 1953 620 2017 de
646 1954 784 2018 carmine
808 1953 853 2017 XI
874 1955 1039 2020 dicendum
1063 1958 1120 2018 est.
1164 1951 1343 2034 quodlicet

208 2065 249 2129 ad
272 2065 365 2147 plane
387 2063 482 2127 alium
499 2064 670 2126 carminum
691 2061 807 2128 κύκλον
818 2064 1016 2130 referendum
1039 2065 1092 2145 sit,
1115 2069 1150 2128 ut
1173 2063 1253 2128 bene
1276 2061 1338 2126 eui·

208 2177 251 2241 cit
271 2173 484 2255 Westphalius
506 2173 549 2256 [p.
567 2172 654 2256 202J,
678 2179 782 2237 tamen
805 2192 867 2238 uno
890 2176 989 2240 uerbo
1007 2173 1252 2240 commemorabo
1275 2172 1342 2236 eius

208 2303 318 2351 uersus
342 2287 468 2348 16-20
493 2286 571 2347 ‘cum
593 2284 658 2348 suis
681 2284 771 2348 uiuat
792 2285 960 2367 ualeatque
985 2284 1130 2364 moechm,
1154 2301 1232 2365 quos
1251 2280 1342 2346 simul

179 2443 180 2446 ,
208 2395 368 2476 complexa
389 2399 477 2458 tenet
496 2397 670 2473 trecentos,
699 2392 817 2458 nullum
841 2412 948 2460 amans
971 2414 1062 2475 uere,
1092 2395 1147 2460 scd
1170 2393 1342 2459 identidem

209 2506 346 2570 omnium
367 2504 423 2568 ilia
443 2504 600 2585 rumpens'
624 2503 847 2569 nihilomnino
872 2524 934 2586 quo
957 2505 997 2572 de
1019 2505 1183 2570 meretrice
1204 2504 1343 2584 cogitare

209 2633 356 2697 cogamur
378 2615 556 2693 continere,
588 2615 681 2678 immo
709 2615 814 2679 omnia
842 2625 877 2680 ut
900 2615 1035 2680 feminae
1059 2615 1172 2680 nobilis
1193 2615 1342 2681 iuuenum

208 2728 383 2790 amatorum
415 2730 543 2790 caterua
573 2724 710 2806 stipatae
737 2728 842 2788 mente
872 2725 962 2790 nobis
984 2725 1153 2790 formemus
1174 2725 1341 2806 imaginem

208 2836 349 2901 suadere.

293 2946 405 3026 Itaque
427 2945 485 3009 hoc
515 2944 671 3009 mordicus
702 2946 871 3011 tenendum
902 2951 950 3010 est
978 2946 1122 3011 Lesbiam
1154 2945 1251 3010 nobili
1273 2945 1341 3010 loco

208 3057 304 3122 fuisse
327 3061 427 3121 ortam
452 3073 554 3136 neque
576 3073 652 3120 uero
674 3060 862 3136 paupertate
877 3056 1030 3136 adactam,
1054 3056 1110 3121 sed
1128 3073 1191 3121 una
1214 3055 1342 3137 solaque
1384 3111 1389 3122 .

162 3185 165 3194 ’
207 3168 340 3233 libidine
363 3167 511 3242 furiatum
541 3184 579 3230 ex
601 3172 746 3230 matrona
772 3165 903 3230 honesta
928 3166 1080 3248 paulatim
1110 3167 1248 3232 euasisse
1271 3183 1340 3230 eam

208 3296 290 3359 quae
311 3277 408 3342 scorti
431 3275 575 3341 uilissimi
597 3293 684 3340 more
706 3275 860 3357 modoque
884 3277 1017 3342 uiueret.

294 3387 338 3452 Ut
360 3391 464 3452 autem
487 3388 520 3450 in
536 3387 627 3450 'uiam
652 3385 834 3466 redeamuS,
859 3385 1017 3466 Catullus,
1050 3390 1217 3469 postquam
1239 3402 1340 3466 neque

207 3498 353 3564 Lesbiam
376 3516 395 3560 a
425 3499 493 3561 uita
521 3496 679 3579 impudica
710 3497 861 3562 desistere
891 3501 924 3561 et
952 3515 1072 3561 omnem
1102 3514 1191 3560 suum
1220 3496 1251 3560 in
1274 3495 1340 3558 eius

207 3608 343 3674 moechis
361 3608 581 3690 impugnandis
597 3607 736 3672 laborem
749 3606 867 3672 frustra
889 3625 957 3671 esse
973 3611 1151 3688 susceptum
1174 3605 1338 3684 intellexit,

207 3719 335 3783 tandem
359 3718 598 3782 admonentibus
621 3718 729 3782 amicis
750 3734 817 3780 eam
841 3717 989 3781 deseruit.
1035 3716 1224 3798 quodquam
1247 3733 1341 3797 aegre

207 3830 263 3895 ille
288 3846 307 3892 a
329 3845 362 3892 se
384 3827 563 3908 impetrarit
586 3844 742 3908 quamque
764 3826 874 3890 intimo
905 3827 972 3890 eius
1003 3827 1087 3890 cordi
1112 3827 1252 3890 mulieris
1274 3844 1340 3890 cor-

206 3939 407 4020 ruptissimae
430 3956 516 4002 amor
537 3937 705 4016 insederit,
737 3937 931 4000 demonstrat
959 3954 1083 4000 carmen
1106 3936 1244 4016 LXXVI,
1268 3953 1338 4016 quo,

207 4051 290 4132 quod
314 4050 354 4114 ad
378 4047 544 4113 affectuum
568 4048 767 4112 altitudinem
790 4046 920 4126 attinet,
949 4064 1050 4127 pauca
1072 4045 1146 4110 tulit
1169 4046 1341 4127 antiquitas

209 4160 430 4241 praeclariora.
475 4159 602 4222 uidetur
633 4162 736 4221 autem
760 4155 885 4220 Caelius
915 4158 1043 4237 quidam
1065 4156 1255 4222 Ueronensis
1277 4175 1341 4222 ma-

206 4270 288 4334 xime
304 4269 488 4334 adhortatus
512 4285 579 4333 esse
596 4272 721 4349 poetam
743 4270 778 4330 ut
792 4283 929 4332 amorem
945 4267 1107 4346 indignum
1129 4266 1339 4347 abrumperet.

306 4409 333 4445 *a
