3032 5078
742 414 781 472 42

197 578 459 666 proficiscendum*
477 585 525 644 est
548 579 587 645 ab
610 579 664 645 illc
689 580 755 645 ‘tibi
775 580 873 645 habe’.
919 596 1012 660 quam
1036 581 1246 661 corruptelam
1268 601 1329 649 non

198 692 439 774 transponendo,
464 690 518 756 sed
533 691 587 756 ‘tu’
610 690 752 757 uoculam
774 691 847 757 huic
868 691 936 755 loco
953 691 1146 772 aptissimam
1164 693 1330 759 inserendo

198 803 370 868 sanandam
393 803 482 867 duco.
528 800 611 865 hunc
632 801 729 882 igitur
752 819 876 866 uersum
899 799 1023 866 Catullo
1047 819 1116 866 meo
1138 802 1269 867 restituo
1278 827 1291 866 ει

419 940 503 995 quare
522 931 551 979 tu
568 925 618 980 tihi
636 925 706 980 habe
724 928 776 980 mei
796 930 845 981 troc
862 925 949 982 libelli

419 1017 631 1087 qualecumque’.
947 1015 954 1030 ‘

198 1131 236 1198 cl.
260 1130 384 1196 Lucret.
407 1130 438 1195 II
463 1135 501 1194 16
526 1130 661 1210 ‘degitur
684 1129 742 1196 hoc
764 1131 835 1196 aeui
859 1133 1078 1213 quodcumque
1101 1130 1167 1201 est'.
1212 1132 1252 1195 de
1274 1150 1328 1194 uo-

197 1242 286 1311 culae
315 1240 467 1307 iambicae
503 1239 583 1305 ‘mei’
614 1240 743 1306 elisione
778 1241 817 1306 cf.
847 1241 1063 1309 Lachmannus
1101 1259 1208 1306 comm.
1237 1240 1327 1304 Lucr.

197 1372 226 1434 p.
253 1355 322 1418 les.
396 1395 398 1400 s

281 1460 326 1528 IV
349 1465 386 1526 8:

417 1569 497 1624 sertis
514 1585 547 1624 ac
565 1570 643 1639 Syrio
662 1570 788 1638 fragrans
806 1571 888 1626 oliuo'

200 1699 333 1764 paruum
357 1683 479 1762 uitium,
501 1699 562 1762 quo
585 1681 616 1745 in
647 1680 679 1745 V
698 1684 812 1748 ‘asinio'
834 1684 959 1764 legitur,
984 1685 1029 1748 ita
1040 1684 1177 1762 corrigas
1202 1686 1243 1746 ‘et
1266 1682 1321 1764 Sy-

199 1792 265 1882 rio’7
311 1792 355 1855 nil
378 1793 494 1873 quippe
517 1792 548 1856 iu
572 1793 727 1874 scriptura
750 1792 972 1875 langobardica
993 1793 1187 1874 frequentius
1208 1798 1255 1856 est
1276 1793 1329 1856 lit·

196 1903 367 1967 terularunr
393 1901 430 1966 ‘a’
454 1908 485 1966 ct
507 1901 557 1967 ‘et’
588 1902 777 1969 contusione.
822 1905 905 1985 quod
929 1923 991 1968 non
1022 1905 1168 1984 ignorant
1192 1904 1245 1984 qui
1269 1902 1328 1966 Ta-

200 2014 253 2077 citi
276 2014 405 2078 annales
430 2012 643 2117 historiasque
662 2018 905 2094 pertractarunt.

282 2121 357 2187 VIII
381 2127 416 2187 5:

416 2235 508 2286 amata
526 2231 605 2286 nohis
625 2239 754 2299 quantum
773 2231 909 2287 amabitur
926 2231 1009 2286 nulla.

197 2359 265 2406 cum
290 2346 356 2405 toto
379 2340 437 2406 hoc
460 2342 597 2408 carmine
625 2346 718 2422 pocta
740 2342 779 2406 'se
811 2342 878 2424 ipse
901 2340 1104 2422 adloquatur‚
1138 2359 1198 2404 nou
1222 2345 1328 2421 potest

195 2452 325 2516 retineri
352 2451 428 2515 illud
460 2449 577 2531 ‘uobIs’‚
608 2469 666 2534 pro
699 2469 760 2532 quo
791 2449 899 2516 ‘uobis’
932 2450 1159 2515 restituendum
1189 2455 1253 2530 est;
1288 2449 1327 2516 cl.

197 2561 385 2642 Schwabius,
408 2567 529 2644 quaest.
554 2560 667 2627 Catull.
690 2580 719 2642 p.
749 2565 819 2626 155.

280 2671 426 2753 thsqq.

415 2795 544 2866 respondi
564 2797 592 2850 id
612 2797 769 2866 quoderat,
789 2796 857 2850 nihil
875 2811 964 2865 neque
983 2795 1052 2864 ipsis

348 2950 350 2954 ,
415 2905 467 2945 nec
484 2889 663 2958 praetoribus
677 2905 738 2944 esse
756 2903 807 2944 nec
826 2889 939 2958 cohorti,

417 2997 464 3036 cur
486 2983 628 3051 quisquam
647 2988 730 3051 caput
747 2982 856 3036 unctius
873 2982 1006 3051 referret;

418 3077 579 3144 praesertim
599 3075 697 3146 quibus
717 3083 789 3131 essct
806 3075 954 3131 irrumator

417 3173 538 3238 praetor,
556 3183 611 3222 non
628 3168 731 3224 laceret
748 3167 797 3238 pili
816 3169 963 3224 cohortem.

196 3279 291 3362 ‘ipsis’
314 3280 391 3345 illud
414 3280 455 3346 de
477 3279 643 3363 Bithyniae
670 3281 779 3347 incolis
802 3281 998 3360 intellegunt.
1044 3284 1078 3345 at
1099 3280 1228 3363 Bithyni
1250 3280 1330 3346 nihil

194 3389 336 3455 referunt
379 3407 480 3472 neque
501 3409 577 3456 uero
600 3389 678 3456 nihil
703 3408 771 3455 esse
792 3390 912 3455 cohorti
934 3390 980 3473 (id
1004 3395 1060 3472 est,
1085 3391 1162 3456 nihil
1186 3391 1326 3472 habere),

196 3500 250 3564 sed
272 3499 348 3564 nihil
374 3519 442 3564 eam
465 3501 524 3566 sibi
549 3519 744 3584 comparasse
762 3501 927 3566 dicendum
949 3505 1025 3565 erat.
1072 3502 1169 3566 tradit
1194 3499 1226 3564 V
1242 3501 1330 3566 ‘nihil

196 3627 297 3692 neque
319 3628 376 3676 nec
396 3612 426 3675 in
443 3607 544 3692 'ipsis’;
571 3612 627 3675 sub
651 3629 712 3692 quo
735 3611 878 3675 lectionis
900 3615 1038 3675 monstro
1054 3611 1208 3694 duplicem
1231 3611 1330 3678 latere

444 3729 518 3770 nsque
532 3720 591 3772 lpala

196 3771 381 3852 scripturam
409 3772 496 3837 ‘nihil
516 3791 573 3838 nec
594 3771 636 3836 in'
660 3773 770 3838 uidere
792 3772 867 3836 milri
888 3771 1008 3836 uideor.
1054 3781 1102 3836 est
1123 3777 1229 3838 eutem
1250 3772 1329 3838 illud

198 3881 310 3962 ‘neque
332 3881 417 3963 ipsis’
439 3883 635 3964 grammatici
658 3881 912 3948 correctiuucula.
958 3899 996 3945 ex
1019 3881 1108 3945 ‘nihil
1129 3899 1187 3948 nec
1209 3883 1250 3947 ln’
1274 3884 1331 3948 eli-

197 3991 245 4056 cio
265 3990 341 4058 hoc:
371 3993 458 4058 ‘nillil
481 3991 617 4074 lucelli’3
649 3992 686 4058 cl.
710 3988 859 4071 XXVIII,
885 3995 903 4054 6
937 3991 1130 4072 ‘ecquidnam
1161 3991 1192 4056 in
1215 3991 1331 4058 tabulis

196 4105 286 4182 potet
307 4102 420 4167 lucelli‘
442 4109 473 4167 et
497 4103 537 4167 ib.
562 4108 580 4166 6
605 4102 718 4167 ‘refero
741 4102 849 4167 datum
872 4100 1003 4166 lucello’.
1047 4120 1141 4183 porro
1165 4101 1238 4170 talis
1261 4121 1330 4168 sen-

198 4211 299 4277 tentia
325 4210 413 4278 ‘nihil
433 4231 489 4278 nec
519 4219 681 4295 praetores
712 4230 770 4277 nec
790 4211 932 4278 cohortes
953 4209 1109 4292 referunt,
1142 4230 1212 4279 eum
1239 4230 1331 4294 prae-
