3032 5078
717 499 755 558 15

255 661 345 739 Quod
378 663 470 728 modo
501 663 540 728 de
569 664 737 729 eorundem
768 665 988 732 uocabulorum
1018 667 1303 764 locutionomuein

168 770 285 834 Catulli
311 774 464 852 poematis
488 774 596 836 eodem
620 775 770 855 temporis
793 776 895 856 spatio
917 779 1096 858 compositis
1118 779 1305 859 repetitione

169 880 244 960 dixi,
272 882 316 945 ita
336 887 442 962 potest
465 884 496 946 io
519 892 626 964 partes
642 886 760 949 ‚uocari
783 893 818 948 ut
846 886 940 951 etism
963 904 1087 951 carmen
1110 886 1242 952 XXXVI
1263 889 1304 953 ud

168 988 314 1055 Lesbiam
346 1011 406 1057 noo
438 994 569 1058 multum
600 999 671 1075 post
701 996 809 1060 datum
839 1013 907 1062 esse
935 996 1175 1062 demonstretur.
1219 1000 1303 1080 quod

167 1099 214 1163 ita
236 1099 402 1166 sehabet:

271 1211 392 1265 Annales
411 1209 516 1279 Uolusi,
535 1219 630 1268 cucata
648 1211 752 1282 charta,
780 1199 782 1202 Α

270 1309 363 1356 uotum
383 1303 481 1360 soluite
499 1320 550 1374 pro
567 1319 630 1360 mea
647 1305 748 1375 puella

271 1411 333 1450 nam
351 1404 461 1452 sanctae
479 1396 580 1452 Ueneri
600 1397 782 1469 Cupidinique

273 1489 357 1556 uouit,
377 1488 400 1543 si
418 1489 469 1544 sihi
488 1491 630 1545 restitutus
649 1505 737 1545 essem

272 1579 458 1651 desissemque
476 1590 568 1639 truces
585 1583 696 1638 uibrare
713 1583 828 1653 iambos,

271 1673 435 1730 electissima
452 1675 564 1745 pessimi
581 1680 680 1752 poetae

272 1766 375 1835 scripta
392 1766 535 1836 tardipedi
551 1767 602 1826 deo
617 1769 741 1826 daturam

271 1860 425 1918 infelicibus
443 1861 591 1918 ustulauda
608 1862 698 1934 lignis.

274 1962 301 2009 et
318 1955 372 2008 hcc
388 1955 509 2024 pessima
527 1971 556 2010 se
573 1956 667 2028 puelle
685 1956 754 2012 uidit

272 2047 365 2103 iocose
382 2047 474 2117 lepide
493 2064 594 2105 uouere
612 2048 690 2105 diuis.

270 2155 350 2208 nunc,
368 2156 384 2195 o
403 2142 530 2197 caeruleo
549 2149 642 2197 creata
658 2147 752 2211 ponto,

271 2247 341 2302 quac
360 2241 484 2289 sanctum
501 2233 618 2289 Idalium
634 2234 772 2305 Uriosque
789 2241 885 2304 portus

271 2342 394 2397 quaeque
411 2327 526 2383 Ancona
544 2327 710 2398 Cnidumque
727 2327 939 2384 harundinosam

269 2419 337 2478 celis
356 2435 482 2490 quaeque
500 2421 669 2478 Amathunta
687 2437 812 2490 quaeque
830 2421 932 2490 Golgos
1042 2473 1047 2484 ‚

272 2527 397 2583 quaeque
415 2514 597 2569 Durrachium
614 2513 717 2569 Adriae
736 2514 885 2581 tabernam,

271 2611 413 2674 acceptum
429 2606 490 2662 lace
509 2605 697 2676 redditumque
715 2615 816 2675 notum,

271 2698 295 2752 si
311 2715 366 2754 nou
382 2698 531 2769 inlepidum
549 2715 638 2771 neque
654 2699 862 2755 inuenustumst.

271 2798 300 2846 at
316 2807 366 2847 uos
382 2791 487 2848 interca
504 2793 597 2860 uenite
614 2793 643 2848 iu
661 2792 760 2862 ignem,

270 2883 345 2952 pleni
361 2884 435 2940 ruris
453 2892 481 2940 st
497 2885 684 2956 inficetiarum,

270 2977 384 3037 annales
402 2978 506 3048 Uolusi,
524 2985 620 3036 cacata
637 2979 739 3036 churta
1264 2981 1300 3038 20

169 3089 231 3154 iam
268 3090 367 3156 uerba
396 3090 447 3175 [n.
476 3091 516 3175 l]
549 3091 585 3156 ‘si
622 3092 682 3159 sibi
711 3091 876 3158 restitutus
907 3089 1016 3156 essem’
1046 3091 1101 3171 qui
1138 3107 1207 3157 cum
1238 3089 1300 3158 illis

166 3218 192 3265 c.
211 3197 305 3281 cvn,
329 3203 350 3263 4
372 3201 465 3282 ‘quod
490 3206 522 3266 te
545 3201 693 3280 restituis,
717 3199 840 3278 Lesbia,
864 3201 907 3265 mi
928 3200 1051 3282 cupido’
1077 3200 1299 3267 contuleritis

166 3328 226 3374 non
256 3308 315 3375 ibit
346 3308 462 3376 infitias
491 3310 627 3392 puellam
659 3328 684 3376 c.
713 3309 846 3375 XXXVI
867 3309 1027 3376 laudatam
1057 3308 1202 3376 Lesbiam
1230 3327 1299 3376 esse

167 3437 272 3484 omnes
294 3420 411 3486 babere
432 3419 665 3502 probabilitatis
687 3438 841 3486 numeros.
864 3456 905 3468 -
929 3419 1042 3486 Lesbio
1064 3420 1170 3501 igitur,
1194 3421 1221 3486 si
1239 3419 1298 3486 Ga·
1340 3423 1344 3431 '

165 3529 263 3596 tullos
284 3530 345 3596 sibi
368 3531 533 3598 restitutus
555 3536 655 3612 esset,
684 3537 749 3597 tum
780 3547 856 3595 uero
884 3531 1010 3624 pessimi
1039 3535 1152 3612 poetae
1180 3531 1298 3613 scripta

128 3701 131 3708 .
166 3641 302 3721 pessima
324 3640 463 3708 Uolcano
493 3661 528 3708 se
557 3643 702 3707 daturam
732 3645 874 3706 uouerat.
918 3640 1003 3722 quod
1030 3641 1239 3707 sane⁸iocose
1261 3659 1298 3707 ac

166 3748 271 3831 lepide
294 3757 436 3816 uouerat.
481 3770 552 3816 nam
574 3754 742 3835 pessimum
765 3759 889 3834 poetam
920 3757 975 3817 aut
1003 3769 1062 3834 ego
1091 3753 1216 3833 egregie
1238 3750 1297 3816 ial-

165 3858 214 3925 lor
235 3866 292 3924 aot
322 3861 424 3943 ipsum
456 3862 557 3927 uoluit
585 3881 653 3928 esse
682 3862 840 3928 Catullum
867 3863 976 3930 eadem
1006 3879 1063 3928 usa
1091 3861 1297 3943 ambiguitate

166 3984 229 4050 qua
245 3969 396 4036 Horatius
410 3970 482 4055 [set.
506 3973 538 4038 11
561 3979 587 4053 1,
608 3977 649 4038 82
659 3973 740 4057 sqq]
764 3975 889 4040 ‘malum
911 3973 1046 4040 carmen'
1067 3972 1155 4052 dixit,
1178 3971 1298 4040 scilicet

166 4086 202 4146 ut
231 4075 391 4162 tamquam
428 4083 753 4150 maledicentissimum
790 4102 860 4150 eum
886 4084 1114 4167 perstringeret
1147 4084 1201 4164 qui
1231 4086 1297 4148 tam

165 4195 270 4256 truces
292 4191 420 4273 lumbos,
444 4199 522 4276 puta
544 4195 690 4260 carminis
705 4195 819 4274 octeni,
842 4195 875 4259 in
899 4195 984 4261 illam
1001 4193 1192 4260 uibraoerat.
1237 4192 1297 4262 Ga·

164 4301 261 4368 tullus
284 4309 389 4372 autern
411 4321 481 4374 cum
511 4305 591 4371 bene
621 4304 706 4370 illius
734 4306 870 4388 leporem
892 4305 1102 4388 perspiceret,
1132 4305 1222 4388 quasi
1243 4322 1297 4374 ue·
