3032 5078
729 421 768 480 45

181 601 255 648 casu
278 583 387 649 uidere
408 583 483 648 mihi
513 601 581 649 sum
612 586 698 650 uisus
726 585 881 651 hominem
911 585 1138 670 philosophum.
1184 605 1316 668 euinque

181 699 350 776 propterea
383 695 464 774 quod
498 695 649 774 plurimos
677 695 816 760 homines
845 713 865 766 a
895 695 1018 762 Catullo
1050 705 1313 778 commemoratos,

182 803 222 868 de
245 802 359 883 quihus
382 804 509 870 aliunde
531 805 676 870 notitiam
699 806 864 886 habemus,
888 808 1019 889 poeticis
1041 808 1154 873 studiis
1177 813 1209 880 et
1233 809 1317 889 ipsos

183 913 309 978 deditos
333 913 429 978 luisse
451 915 610 995 uidemus,
643 917 738 980 etiam
768 916 808 981 de
830 917 875 980 eis
900 916 939 980 de
962 917 1074 996 quibus
1097 918 1141 982 nil
1165 918 1316 984 traditum

182 1028 230 1086 est
259 1022 342 1086 idem
371 1029 478 1088 nostro
501 1043 557 1088 nos
584 1027 653 1091 iure
675 1031 815 1092 statuere
838 1043 928 1107 posse
951 1027 1026 1093 mihi
1045 1026 1314 1109 persuasissem*),

185 1150 222 1197 eo
244 1133 357 1198 deueni
386 1138 421 1198 ut
443 1133 611 1215 Egnatium
634 1132 845 1202 Catullianum
875 1137 1007 1202 eundem
1031 1144 1125 1220 atque
1148 1145 1273 1220 poetam
1296 1157 1315 1202 a

181 1242 342 1308 Macrobio
366 1243 536 1326 [Saturnal.
567 1244 612 1309 Vl
635 1251 662 1327 5,
686 1250 704 1309 2
729 1251 760 1310 et
786 1244 838 1328 12]
861 1246 1002 1311 adlatum
1028 1249 1181 1314 ducerem.
1227 1249 1314 1313 cuius

181 1357 318 1418 aetatem
342 1354 368 1416 si
393 1355 522 1438 respicis
543 1356 684 1438 (ponitur
710 1373 729 1420 a
751 1355 911 1422 Macrobio
938 1359 1020 1423 inter
1052 1360 1179 1425 Accium
1201 1364 1232 1424 et
1252 1358 1314 1423 Lu-

181 1463 312 1528 cretium
344 1447 632 1546 Cornifici'umque),
672 1464 750 1528 nihil
779 1465 883 1532 hercle
913 1467 1019 1533 obstat
1046 1471 1211 1550 quominus
1243 1489 1313 1535 eum

182 1571 300 1638 Catulli
322 1574 484 1654 aequalem
507 1576 661 1640 seniorem
686 1594 839 1641 uouemus.
884 1578 923 1641 ad
947 1579 1086 1643 carmina
1101 1584 1206 1644 autem
1229 1579 1313 1661 quod

183 1683 315 1764 attinet,
339 1684 473 1765 scripsit,
497 1686 675 1752 utdecebat
696 1685 928 1769 philosophum,
952 1689 1118 1754 derorum
1141 1695 1254 1755 natura
1275 1690 1314 1754 li·

182 1793 253 1858 bros
271 1793 399 1874 aliquot.
444 1796 551 1877 itaque
574 1801 606 1860 et
628 1800 802 1879 atempore
825 1803 857 1861 et
878 1815 898 1861 a
915 1800 1084 1864 carminum
1100 1819 1214 1880 genere
1234 1800 1313 1866 bene

180 1919 213 1968 se
236 1903 329 1969 habet
359 1905 494 1986 suspicio
518 1911 633 1972 nostra.
678 1911 777 1972 restat
799 1912 834 1971 ut
857 1907 1032 1988 fragmenta
1055 1910 1182 1992 Egnatii
1213 1911 1314 1976 duoa

180 2012 340 2079 Macrobio
362 2021 489 2081 seruata
511 2017 674 2098 adponam,
699 2018 801 2098 quoad
824 2018 890 2084 eius
911 2017 980 2084 fieri
1002 2024 1114 2102 potest,
1138 2022 1313 2088 emendata.

180 2129 228 2188 est
255 2127 360 2189 autem
392 2131 549 2208 sumptum
586 2132 753 2210 utrumque
790 2129 955 2210 exprimo
992 2130 1032 2195 de
1066 2149 1170 2198 rerum
1197 2137 1312 2198 natura

179 2232 269 2298 libro.

271 2345 294 2408 1.
341 2344 475 2426 denique
509 2345 661 2412 Mulciber
695 2348 762 2430 ipse
798 2353 908 2429 petens
946 2349 1099 2415 altissima
1133 2350 1210 2416 caeli

341 2456 489 2521 continuo
510 2458 545 2522 it.

179 2565 317 2630 traditur
334 2583 427 2630 uersu
443 2567 548 2648 priore
565 2567 752 2632 obuersante
768 2573 867 2632 metro
884 2567 1043 2634 ‘mulciber
1059 2573 1091 2634 et
1107 2569 1173 2652 ipse
1186 2569 1309 2652 fereus‘,

180 2675 264 2756 quod
287 2693 347 2740 non
378 2675 487 2740 dubito
514 2677 590 2758 quin
614 2684 700 2746 recte
717 2678 959 2743 emendanerim.
982 2697 1076 2760 porro
1094 2678 1194 2744 altero
1217 2698 1311 2746 uersu

179 2785 332 2867 praebent
354 2787 475 2851 codices
496 2787 710 2868 ‘contingunt’,
738 2787 917 2869 quodlicet
948 2789 1081 2869 incerta,
1113 2808 1175 2854 non
1205 2796 1310 2856 tumen

181 2895 388 2977 improbabili,
411 2901 447 2960 ut
464 2903 551 2978 puto,
576 2881 751 2963 coniectura
775 2899 912 2980 mutini,
945 2898 981 2964 cf.
1006 2897 1101 2980 Uerg.
1125 2898 1239 2982 Georg.
1263 2900 1310 2966 III

180 3009 296 3087 bllsrp
321 3007 356 3071 ‘it
378 3007 478 3071 tristis
506 3011 613 3072 arator
635 3013 824 3074 maerentem
853 3009 1024 3091 abiungens
1047 3009 1188 3075 fraterna
1209 3016 1311 3076 morte

183 3116 368 3181 iuuencum'.

259 3226 300 3290 11.
344 3227 467 3291 roscida
489 3227 663 3308 noctiuagis
686 3229 780 3295 astris
802 3229 963 3295 labentibu
983 3229 1108 3297 Phoebe

339 3337 430 3420 pulsa
451 3337 519 3401 loco
542 3337 636 3401 cessit
657 3339 828 3404 concedens
850 3339 955 3406 lucibu
979 3339 1095 3405 fratris.

178 3447 326 3530 rescripsi
353 3447 470 3512 ‘lucibu
499 3446 633 3511 iratris’:
676 3449 828 3514 traditum
856 3455 903 3514 est
933 3450 1062 3516 ‘lucibus
1093 3451 1185 3532 altis',
1215 3451 1308 3533 quod,

177 3563 347 3639 propterea
370 3559 452 3638 quod
474 3557 592 3622 Phoebi
614 3559 770 3622 nascentis
797 3559 851 3623 lux
881 3578 942 3646 non
965 3565 1050 3625 recte
1075 3561 1190 3626 dicitur
1214 3563 1308 3644 ‘alta',

176 3685 237 3732 non
260 3672 362 3749 potest
388 3669 527 3732 retineri:
557 3673 700 3750 praestat
718 3673 822 3733 tamen
840 3668 974 3734 fortasse
989 3671 1118 3737 ‘lucibus
1135 3671 1234 3736 almis'
1245 3671 1308 3754 **);

177 3813 218 3825 -
241 3778 296 3844 sed
318 3779 412 3843 misso
436 3777 570 3859 Egnatio
593 3779 632 3842 ad
656 3777 813 3842 Catullum
835 3779 1015 3844 redeamus.

246 3956 271 4024 *)
290 3955 313 4009 ri
330 3955 501 4011 accuratiora
520 3953 554 4009 de
571 3961 714 4024 poetarum
732 3955 878 4012 latinorum
896 3957 1011 4026 collegio
1031 3958 1172 4026 sciremus,
1192 3958 1309 4015 formsse

176 4045 403 4102 ‘contubernales’
421 4047 484 4102 illos
504 4065 529 4101 u.
553 4051 565 4100 l
588 4053 810 4104 commemoratos
828 4049 932 4119 collegii
950 4049 1022 4104 illius
1041 4051 1149 4106 sodales
1168 4053 1310 4122 appellare

175 4140 279 4196 liceret.

246 4234 287 4303 **)
305 4233 370 4290 data
387 4233 530 4290 occasione
555 4233 692 4290 Cornificii
717 4235 789 4303 quod
813 4235 887 4306 apud
904 4237 1075 4294 Macrobium
1094 4241 1218 4307 sequitur
1236 4239 1308 4310 frag·
