<?xml version="1.0" encoding="UTF-8"?>
<!DOCTYPE html PUBLIC "-//W3C//DTD XHTML 1.0 Transitional//EN"
    "http://www.w3.org/TR/xhtml1/DTD/xhtml1-transitional.dtd">
<html xmlns="http://www.w3.org/1999/xhtml" xml:lang="en" lang="en">
 <head>
  <title>
</title>
<meta http-equiv="Content-Type" content="text/html;charset=utf-8" />
  <meta name='ocr-system' content='tesseract 3.04.00' />
  <meta name='ocr-capabilities' content='ocr_page ocr_carea ocr_par ocr_line ocrx_word'/>
</head>
<body>
  <div class='ocr_page' id='page_1' title='image "analectacatulli01baehgoog_0029.png"; bbox 0 0 3032 5078; ppageno 0'>
   <div class='ocr_carea' id='block_1_1' title="bbox 197 616 1333 946">
    <p class='ocr_par' dir='ltr' id='par_1_1' title="bbox 197 616 1333 946">
     <span class='ocr_line' id='line_1_1' title="bbox 197 616 1331 703; baseline -0.005 -16"><span class='ocrx_word' id='word_1_1' title='bbox 197 622 298 703; x_wconf 81' lang='lat' dir='ltr'><strong>LXV,</strong></span> <span class='ocrx_word' id='word_1_2' title='bbox 333 619 483 688; x_wconf 82' lang='lat' dir='ltr'><strong>LXVIII·</strong></span> <span class='ocrx_word' id='word_1_3' title='bbox 514 624 546 684; x_wconf 87' lang='lat' dir='ltr'><strong>et</strong></span> <span class='ocrx_word' id='word_1_4' title='bbox 574 617 722 684; x_wconf 75' lang='lat' dir='ltr'><strong>LllVlIIb</strong></span> <span class='ocrx_word' id='word_1_5' title='bbox 752 617 871 684; x_wconf 79' lang='lat' dir='ltr'><strong>recenti</strong></span> <span class='ocrx_word' id='word_1_6' title='bbox 902 616 1005 684; x_wconf 91' lang='lat' dir='ltr'><strong>adhuc</strong></span> <span class='ocrx_word' id='word_1_7' title='bbox 1035 616 1130 699; x_wconf 80' lang='lat' dir='ltr'>plaga</span> <span class='ocrx_word' id='word_1_8' title='bbox 1159 616 1331 699; x_wconf 90' lang='lat' dir='ltr'><strong>composita</strong></span> 
     </span>
     <span class='ocr_line' id='line_1_2' title="bbox 200 725 1332 813; baseline -0.008 -15"><span class='ocrx_word' id='word_1_9' title='bbox 200 733 385 813; x_wconf 85' lang='lat' dir='ltr'><strong>ostendunt,</strong></span> <span class='ocrx_word' id='word_1_10' title='bbox 415 729 507 797; x_wconf 89' lang='lat' dir='ltr'><strong>lacile</strong></span> <span class='ocrx_word' id='word_1_11' title='bbox 538 735 586 794; x_wconf 89' lang='lat' dir='ltr'><strong>est</strong></span> <span class='ocrx_word' id='word_1_12' title='bbox 610 730 786 794; x_wconf 89' lang='lat' dir='ltr'><strong>coniectatu</strong></span> <span class='ocrx_word' id='word_1_13' title='bbox 810 729 892 792; x_wconf 88' lang='lat' dir='ltr'><strong>inter</strong></span> <span class='ocrx_word' id='word_1_14' title='bbox 924 728 956 791; x_wconf 93' lang='lat' dir='ltr'><strong>id</strong></span> <span class='ocrx_word' id='word_1_15' title='bbox 987 735 1193 810; x_wconf 87' lang='lat' dir='ltr'><strong>tempusque</strong></span> <span class='ocrx_word' id='word_1_16' title='bbox 1216 725 1332 791; x_wconf 88' lang='lat' dir='ltr'><strong>Catulli</strong></span> 
     </span>
     <span class='ocr_line' id='line_1_3' title="bbox 198 837 1333 946; baseline -0.007 -39"><span class='ocrx_word' id='word_1_17' title='bbox 198 841 298 907; x_wconf 87' lang='lat' dir='ltr'><strong>frater</strong></span> <span class='ocrx_word' id='word_1_18' title='bbox 330 843 409 907; x_wconf 93' lang='lat' dir='ltr'><strong>obiit</strong></span> <span class='ocrx_word' id='word_1_19' title='bbox 445 847 477 907; x_wconf 90' lang='lat' dir='ltr'><strong>et</strong></span> <span class='ocrx_word' id='word_1_20' title='bbox 500 843 568 906; x_wconf 87' lang='lat' dir='ltr'><strong>iter</strong></span> <span class='ocrx_word' id='word_1_21' title='bbox 596 839 795 921; x_wconf 88' lang='lat' dir='ltr'><strong>Bithynicum</strong></span> <span class='ocrx_word' id='word_1_22' title='bbox 826 839 1038 904; x_wconf 85' lang='lat' dir='ltr'><strong>intercessisse</strong></span> <span class='ocrx_word' id='word_1_23' title='bbox 1065 838 1187 946; x_wconf 68' lang='lat' dir='ltr'><strong>aliquot</strong></span> <span class='ocrx_word' id='word_1_24' title='bbox 1217 837 1333 918; x_wconf 88' lang='lat' dir='ltr'><strong>quibus</strong></span> 
     </span>
    </p>
   </div>
   <div class='ocr_carea' id='block_1_2' title="bbox 199 947 1396 2794">
    <p class='ocr_par' dir='ltr' id='par_1_2' title="bbox 199 947 1334 1584">
     <span class='ocr_line' id='line_1_4' title="bbox 200 947 1332 1031; baseline -0.005 -14"><span class='ocrx_word' id='word_1_25' title='bbox 200 952 289 1017; x_wconf 90' lang='lat' dir='ltr'><strong>dolor</strong></span> <span class='ocrx_word' id='word_1_26' title='bbox 311 954 371 1018; x_wconf 88' lang='lat' dir='ltr'><strong>iste</strong></span> <span class='ocrx_word' id='word_1_27' title='bbox 393 953 509 1018; x_wconf 89' lang='lat' dir='ltr'><strong>lenitus</strong></span> <span class='ocrx_word' id='word_1_28' title='bbox 537 949 763 1031; x_wconf 84' lang='lat' dir='ltr'><strong>mitigatusque</strong></span> <span class='ocrx_word' id='word_1_29' title='bbox 792 948 834 1012; x_wconf 90' lang='lat' dir='ltr'><strong>sit</strong></span> <span class='ocrx_word' id='word_1_30' title='bbox 863 966 969 1014; x_wconf 85' lang='lat' dir='ltr'><strong>anuos.</strong></span> <span class='ocrx_word' id='word_1_31' title='bbox 1014 949 1086 1014; x_wconf 90' lang='lat' dir='ltr'><strong>binc</strong></span> <span class='ocrx_word' id='word_1_32' title='bbox 1111 966 1193 1014; x_wconf 91' lang='lat' dir='ltr'><strong>anno</strong></span> <span class='ocrx_word' id='word_1_33' title='bbox 1216 947 1282 1013; x_wconf 83' lang='lat' dir='ltr'><strong>fere</strong></span> <span class='ocrx_word' id='word_1_34' title='bbox 1304 966 1332 1011; x_wconf 86' lang='lat' dir='ltr'><strong>a.</strong></span> 
     </span>
     <span class='ocr_line' id='line_1_5' title="bbox 199 1059 1332 1142; baseline -0.006 -14"><span class='ocrx_word' id='word_1_35' title='bbox 199 1060 271 1128; x_wconf 90' lang='lat' dir='ltr'><strong>Chr.</strong></span> <span class='ocrx_word' id='word_1_36' title='bbox 294 1082 324 1127; x_wconf 91' lang='lat' dir='ltr'><strong>n.</strong></span> <span class='ocrx_word' id='word_1_37' title='bbox 348 1064 540 1142; x_wconf 80' lang='lat' dir='ltr'><strong>sexagesimo</strong></span> <span class='ocrx_word' id='word_1_38' title='bbox 563 1060 694 1125; x_wconf 84' lang='lat' dir='ltr'><strong>fratrem</strong></span> <span class='ocrx_word' id='word_1_39' title='bbox 724 1077 762 1124; x_wconf 88' lang='lat' dir='ltr'><strong>ex</strong></span> <span class='ocrx_word' id='word_1_40' title='bbox 789 1059 873 1123; x_wconf 90' lang='lat' dir='ltr'><strong>uinis</strong></span> <span class='ocrx_word' id='word_1_41' title='bbox 895 1059 1064 1124; x_wconf 82' lang='lat' dir='ltr'><strong>excessisse</strong></span> <span class='ocrx_word' id='word_1_42' title='bbox 1084 1059 1159 1124; x_wconf 91' lang='lat' dir='ltr'><strong>licet</strong></span> <span class='ocrx_word' id='word_1_43' title='bbox 1182 1063 1332 1124; x_wconf 88' lang='lat' dir='ltr'><strong>statuere.</strong></span> 
     </span>
     <span class='ocr_line' id='line_1_6' title="bbox 201 1166 1333 1254; baseline -0.004 -17"><span class='ocrx_word' id='word_1_44' title='bbox 201 1175 311 1254; x_wconf 89' lang='lat' dir='ltr'><strong>itaque</strong></span> <span class='ocrx_word' id='word_1_45' title='bbox 332 1171 427 1253; x_wconf 89' lang='lat' dir='ltr'><strong>paulo</strong></span> <span class='ocrx_word' id='word_1_46' title='bbox 456 1176 531 1237; x_wconf 89' lang='lat' dir='ltr'><strong>ante</strong></span> <span class='ocrx_word' id='word_1_47' title='bbox 560 1170 644 1235; x_wconf 89' lang='lat' dir='ltr'><strong>hunc</strong></span> <span class='ocrx_word' id='word_1_48' title='bbox 672 1186 788 1233; x_wconf 89' lang='lat' dir='ltr'><strong>annum</strong></span> <span class='ocrx_word' id='word_1_49' title='bbox 811 1166 927 1234; x_wconf 87' lang='lat' dir='ltr'><strong>Catulli</strong></span> <span class='ocrx_word' id='word_1_50' title='bbox 951 1186 1021 1234; x_wconf 92' lang='lat' dir='ltr'><strong>cum</strong></span> <span class='ocrx_word' id='word_1_51' title='bbox 1043 1169 1175 1235; x_wconf 82' lang='lat' dir='ltr'><strong>Lesbiae</strong></span> <span class='ocrx_word' id='word_1_52' title='bbox 1197 1187 1333 1234; x_wconf 90' lang='lat' dir='ltr'><strong>amorem</strong></span> 
     </span>
     <span class='ocr_line' id='line_1_7' title="bbox 199 1277 1334 1365; baseline -0.004 -16"><span class='ocrx_word' id='word_1_53' title='bbox 199 1284 339 1365; x_wconf 87' lang='lat' dir='ltr'><strong>coepisse</strong></span> <span class='ocrx_word' id='word_1_54' title='bbox 360 1283 584 1349; x_wconf 76' lang='lat' dir='ltr'><strong>consectarium</strong></span> <span class='ocrx_word' id='word_1_55' title='bbox 613 1285 669 1344; x_wconf 89' lang='lat' dir='ltr'><strong>est.</strong></span> <span class='ocrx_word' id='word_1_56' title='bbox 714 1277 820 1344; x_wconf 89' lang='lat' dir='ltr'><strong>finisse</strong></span> <span class='ocrx_word' id='word_1_57' title='bbox 840 1285 945 1344; x_wconf 66' lang='lat' dir='ltr'><strong>auum</strong></span> <span class='ocrx_word' id='word_1_58' title='bbox 974 1279 1107 1346; x_wconf 89' lang='lat' dir='ltr'><strong>eundem</strong></span> <span class='ocrx_word' id='word_1_59' title='bbox 1137 1287 1211 1344; x_wconf 89' lang='lat' dir='ltr'><strong>ante</strong></span> <span class='ocrx_word' id='word_1_60' title='bbox 1231 1281 1334 1345; x_wconf 90' lang='lat' dir='ltr'><strong>itera</strong></span> 
     </span>
     <span class='ocr_line' id='line_1_8' title="bbox 199 1390 1334 1476; baseline -0.004 -19"><span class='ocrx_word' id='word_1_61' title='bbox 199 1399 295 1476; x_wconf 88' lang='lat' dir='ltr'><strong>poeta</strong></span> <span class='ocrx_word' id='word_1_62' title='bbox 317 1394 349 1457; x_wconf 94' lang='lat' dir='ltr'><strong>in</strong></span> <span class='ocrx_word' id='word_1_63' title='bbox 365 1392 545 1476; x_wconf 84' lang='lat' dir='ltr'><strong>Bithyniam</strong></span> <span class='ocrx_word' id='word_1_64' title='bbox 566 1394 744 1472; x_wconf 86' lang='lat' dir='ltr'><strong>susceptum</strong></span> <span class='ocrx_word' id='word_1_65' title='bbox 767 1390 942 1456; x_wconf 85' lang='lat' dir='ltr'><strong>accuratior</strong></span> <span class='ocrx_word' id='word_1_66' title='bbox 962 1391 1049 1455; x_wconf 89' lang='lat' dir='ltr'><strong>uitae</strong></span> <span class='ocrx_word' id='word_1_67' title='bbox 1071 1391 1138 1457; x_wconf 84' lang='lat' dir='ltr'><strong>eius</strong></span> <span class='ocrx_word' id='word_1_68' title='bbox 1151 1390 1334 1474; x_wconf 86' lang='lat' dir='ltr'><strong>posterioris</strong></span> 
     </span>
     <span class='ocr_line' id='line_1_9' title="bbox 203 1481 598 1584; baseline -0.005 -16"><span class='ocrx_word' id='word_1_69' title='bbox 203 1481 424 1584; x_wconf 86' lang='lat' dir='ltr'><strong>contemplatio</strong></span> <span class='ocrx_word' id='word_1_70' title='bbox 447 1501 547 1567; x_wconf 89' lang='lat' dir='ltr'><strong>docet.</strong></span> <span class='ocrx_word' id='word_1_71' title='bbox 597 1525 598 1534; x_wconf 51' lang='lat'>¹</span> 
     </span>
    </p>

    <p class='ocr_par' dir='ltr' id='par_1_3' title="bbox 199 1609 1396 2794">
     <span class='ocr_line' id='line_1_10' title="bbox 288 1609 1333 1694; baseline -0.002 -18"><span class='ocrx_word' id='word_1_72' title='bbox 288 1609 347 1677; x_wconf 89' lang='lat' dir='ltr'><strong>His</strong></span> <span class='ocrx_word' id='word_1_73' title='bbox 375 1612 422 1676; x_wconf 90' lang='lat' dir='ltr'><strong>ita</strong></span> <span class='ocrx_word' id='word_1_74' title='bbox 450 1611 600 1694; x_wconf 82' lang='lat' dir='ltr'><strong>expositis</strong></span> <span class='ocrx_word' id='word_1_75' title='bbox 623 1610 663 1674; x_wconf 90' lang='lat' dir='ltr'><strong>de</strong></span> <span class='ocrx_word' id='word_1_76' title='bbox 684 1609 816 1675; x_wconf 81' lang='lat' dir='ltr'><strong>Lesbiae</strong></span> <span class='ocrx_word' id='word_1_77' title='bbox 843 1627 978 1692; x_wconf 85' lang='lat' dir='ltr'><strong>persona</strong></span> <span class='ocrx_word' id='word_1_78' title='bbox 997 1610 1131 1690; x_wconf 85' lang='lat' dir='ltr'><strong>agedum</strong></span> <span class='ocrx_word' id='word_1_79' title='bbox 1161 1609 1333 1675; x_wconf 88' lang='lat' dir='ltr'><strong>uideamus.</strong></span> 
     </span>
     <span class='ocr_line' id='line_1_11' title="bbox 201 1719 1334 1802; baseline -0.003 -16"><span class='ocrx_word' id='word_1_80' title='bbox 201 1739 272 1787; x_wconf 91' lang='lat' dir='ltr'><strong>nam</strong></span> <span class='ocrx_word' id='word_1_81' title='bbox 294 1719 401 1787; x_wconf 90' lang='lat' dir='ltr'><strong>fictum</strong></span> <span class='ocrx_word' id='word_1_82' title='bbox 424 1739 492 1786; x_wconf 89' lang='lat' dir='ltr'><strong>esse</strong></span> <span class='ocrx_word' id='word_1_83' title='bbox 520 1720 605 1785; x_wconf 88' lang='lat' dir='ltr'><strong>illius</strong></span> <span class='ocrx_word' id='word_1_84' title='bbox 633 1738 745 1786; x_wconf 91' lang='lat' dir='ltr'><strong>nomen</strong></span> <span class='ocrx_word' id='word_1_85' title='bbox 773 1739 843 1786; x_wconf 87' lang='lat' dir='ltr'><strong>cum</strong></span> <span class='ocrx_word' id='word_1_86' title='bbox 865 1738 923 1802; x_wconf 88' lang='lat' dir='ltr'><strong>per</strong></span> <span class='ocrx_word' id='word_1_87' title='bbox 944 1738 978 1785; x_wconf 88' lang='lat' dir='ltr'><strong>se</strong></span> <span class='ocrx_word' id='word_1_88' title='bbox 1000 1726 1125 1802; x_wconf 84' lang='lat' dir='ltr'><strong>pateat,</strong></span> <span class='ocrx_word' id='word_1_89' title='bbox 1156 1725 1223 1785; x_wconf 91' lang='lat' dir='ltr'><strong>tum</strong></span> <span class='ocrx_word' id='word_1_90' title='bbox 1244 1720 1334 1784; x_wconf 87' lang='lat' dir='ltr'><strong>testi-</strong></span> 
     </span>
     <span class='ocr_line' id='line_1_12' title="bbox 204 1829 1332 1914; baseline -0.002 -18"><span class='ocrx_word' id='word_1_91' title='bbox 204 1832 308 1896; x_wconf 90' lang='lat' dir='ltr'><strong>monio</strong></span> <span class='ocrx_word' id='word_1_92' title='bbox 332 1836 454 1896; x_wconf 89' lang='lat' dir='ltr'><strong>constat</strong></span> <span class='ocrx_word' id='word_1_93' title='bbox 471 1830 579 1897; x_wconf 90' lang='lat' dir='ltr'><strong>Ouidii</strong></span> <span class='ocrx_word' id='word_1_94' title='bbox 598 1829 692 1914; x_wconf 86' lang='lat' dir='ltr'><strong>[trist.</strong></span> <span class='ocrx_word' id='word_1_95' title='bbox 711 1830 742 1895; x_wconf 89' lang='grc' dir='ltr'><strong>Π</strong></span> <span class='ocrx_word' id='word_1_96' title='bbox 758 1835 820 1895; x_wconf 83' lang='grc'><strong>427</strong></span> <span class='ocrx_word' id='word_1_97' title='bbox 829 1829 908 1914; x_wconf 87' lang='lat' dir='ltr'><strong>sq.]:</strong></span> <span class='ocrx_word' id='word_1_98' title='bbox 933 1831 987 1895; x_wconf 84' lang='lat' dir='ltr'><strong>‘sio</strong></span> <span class='ocrx_word' id='word_1_99' title='bbox 1000 1849 1058 1896; x_wconf 91' lang='lat' dir='ltr'><strong>sua</strong></span> <span class='ocrx_word' id='word_1_100' title='bbox 1070 1830 1189 1896; x_wconf 89' lang='lat' dir='ltr'><strong>lasciuo</strong></span> <span class='ocrx_word' id='word_1_101' title='bbox 1204 1835 1332 1896; x_wconf 87' lang='lat' dir='ltr'><strong>cantata</strong></span> 
     </span>
     <span class='ocr_line' id='line_1_13' title="bbox 201 1939 1396 2023; baseline -0.003 -16"><span class='ocrx_word' id='word_1_102' title='bbox 201 1946 248 2007; x_wconf 88' lang='lat' dir='ltr'><strong>est</strong></span> <span class='ocrx_word' id='word_1_103' title='bbox 276 1960 371 2023; x_wconf 84' lang='lat' dir='ltr'><strong>saepe</strong></span> <span class='ocrx_word' id='word_1_104' title='bbox 401 1939 526 2007; x_wconf 89' lang='lat' dir='ltr'><strong>Catullo</strong></span> <span class='ocrx_word' id='word_1_105' title='bbox 558 1940 691 2021; x_wconf 88' lang='lat' dir='ltr'><strong>femina,</strong></span> <span class='ocrx_word' id='word_1_106' title='bbox 727 1943 777 2006; x_wconf 92' lang='lat' dir='ltr'><strong>cui</strong></span> <span class='ocrx_word' id='word_1_107' title='bbox 807 1940 920 2006; x_wconf 81' lang='lat' dir='ltr'><strong>falsum</strong></span> <span class='ocrx_word' id='word_1_108' title='bbox 953 1941 1067 2006; x_wconf 89' lang='lat' dir='ltr'><strong>Lesbia</strong></span> <span class='ocrx_word' id='word_1_109' title='bbox 1099 1959 1211 2007; x_wconf 92' lang='lat' dir='ltr'><strong>nomeu</strong></span> <span class='ocrx_word' id='word_1_110' title='bbox 1241 1939 1330 2005; x_wconf 88' lang='lat' dir='ltr'><strong>erat’.</strong></span> <span class='ocrx_word' id='word_1_111' title='bbox 1394 2012 1396 2016; x_wconf 55' lang='grc'>,</span> 
     </span>
     <span class='ocr_line' id='line_1_14' title="bbox 199 2049 1336 2135; baseline 0 -19"><span class='ocrx_word' id='word_1_112' title='bbox 199 2069 311 2116; x_wconf 89' lang='lat' dir='ltr'><strong>uerum</strong></span> <span class='ocrx_word' id='word_1_113' title='bbox 336 2056 442 2116; x_wconf 83' lang='lat' dir='ltr'><strong>autern</strong></span> <span class='ocrx_word' id='word_1_114' title='bbox 464 2049 599 2117; x_wconf 86' lang='lat' dir='ltr'><strong>feminae</strong></span> <span class='ocrx_word' id='word_1_115' title='bbox 629 2069 738 2116; x_wconf 91' lang='lat' dir='ltr'><strong>nomen</strong></span> <span class='ocrx_word' id='word_1_116' title='bbox 768 2051 868 2115; x_wconf 85' lang='lat' dir='ltr'><strong>tradit</strong></span> <span class='ocrx_word' id='word_1_117' title='bbox 890 2051 1041 2133; x_wconf 82' lang='lat' dir='ltr'><strong>Apuleius</strong></span> <span class='ocrx_word' id='word_1_118' title='bbox 1072 2049 1166 2135; x_wconf 93' lang='lat' dir='ltr'><strong>[apol.</strong></span> <span class='ocrx_word' id='word_1_119' title='bbox 1196 2051 1248 2135; x_wconf 81' lang='lat'><strong>10]</strong></span> <span class='ocrx_word' id='word_1_120' title='bbox 1271 2052 1336 2116; x_wconf 90' lang='lat' dir='ltr'><strong>‘ea-</strong></span> 
     </span>
     <span class='ocr_line' id='line_1_15' title="bbox 202 2159 1334 2243; baseline 0 -17"><span class='ocrx_word' id='word_1_121' title='bbox 202 2161 273 2226; x_wconf 87' lang='lat' dir='ltr'><strong>dem</strong></span> <span class='ocrx_word' id='word_1_122' title='bbox 302 2179 398 2242; x_wconf 91' lang='lat' dir='ltr'><strong>opera</strong></span> <span class='ocrx_word' id='word_1_123' title='bbox 428 2166 574 2226; x_wconf 86' lang='lat' dir='ltr'><strong>accusent</strong></span> <span class='ocrx_word' id='word_1_124' title='bbox 602 2159 636 2225; x_wconf 86' lang='lat' dir='ltr'><strong>C.</strong></span> <span class='ocrx_word' id='word_1_125' title='bbox 666 2159 823 2226; x_wconf 91' lang='lat' dir='ltr'><strong>Catullum</strong></span> <span class='ocrx_word' id='word_1_126' title='bbox 855 2160 939 2242; x_wconf 90' lang='lat' dir='ltr'><strong>quod</strong></span> <span class='ocrx_word' id='word_1_127' title='bbox 970 2160 1115 2227; x_wconf 88' lang='lat' dir='ltr'><strong>Lesbiam</strong></span> <span class='ocrx_word' id='word_1_128' title='bbox 1141 2179 1199 2243; x_wconf 91' lang='lat' dir='ltr'><strong>pro</strong></span> <span class='ocrx_word' id='word_1_129' title='bbox 1223 2159 1334 2226; x_wconf 88' lang='lat' dir='ltr'><strong>Clodia</strong></span> 
     </span>
     <span class='ocr_line' id='line_1_16' title="bbox 201 2270 1336 2363; baseline 0.001 -28"><span class='ocrx_word' id='word_1_130' title='bbox 201 2272 391 2363; x_wconf 72' lang='lat' dir='ltr'><strong>nominarit-³.</strong></span> <span class='ocrx_word' id='word_1_131' title='bbox 437 2273 511 2337; x_wconf 91' lang='lat' dir='ltr'><strong>hinc</strong></span> <span class='ocrx_word' id='word_1_132' title='bbox 542 2273 604 2336; x_wconf 89' lang='lat' dir='ltr'><strong>iam</strong></span> <span class='ocrx_word' id='word_1_133' title='bbox 635 2289 673 2336; x_wconf 87' lang='lat' dir='ltr'><strong>ex</strong></span> <span class='ocrx_word' id='word_1_134' title='bbox 694 2271 852 2352; x_wconf 86' lang='lat' dir='ltr'><strong>prioribus</strong></span> <span class='ocrx_word' id='word_1_135' title='bbox 875 2271 1048 2336; x_wconf 89' lang='lat' dir='ltr'><strong>editoribus</strong></span> <span class='ocrx_word' id='word_1_136' title='bbox 1072 2270 1241 2352; x_wconf 83' lang='lat' dir='ltr'><strong>Uictorias,</strong></span> <span class='ocrx_word' id='word_1_137' title='bbox 1265 2270 1336 2336; x_wconf 88' lang='lat' dir='ltr'><strong>Mu-</strong></span> 
     </span>
     <span class='ocr_line' id='line_1_17' title="bbox 201 2381 1334 2465; baseline 0.001 -20"><span class='ocrx_word' id='word_1_138' title='bbox 201 2386 289 2447; x_wconf 91' lang='lat' dir='ltr'><strong>retus</strong></span> <span class='ocrx_word' id='word_1_139' title='bbox 311 2383 446 2465; x_wconf 87' lang='lat' dir='ltr'><strong>aliique,</strong></span> <span class='ocrx_word' id='word_1_140' title='bbox 476 2388 581 2447; x_wconf 89' lang='lat' dir='ltr'><strong>nostra</strong></span> <span class='ocrx_word' id='word_1_141' title='bbox 607 2386 728 2461; x_wconf 83' lang='lat' dir='ltr'><strong>aetate,</strong></span> <span class='ocrx_word' id='word_1_142' title='bbox 759 2386 796 2447; x_wconf 92' lang='lat' dir='ltr'><strong>ut</strong></span> <span class='ocrx_word' id='word_1_143' title='bbox 818 2382 880 2447; x_wconf 89' lang='lat' dir='ltr'><strong>iam</strong></span> <span class='ocrx_word' id='word_1_144' title='bbox 903 2382 993 2446; x_wconf 93' lang='lat' dir='ltr'><strong>initio</strong></span> <span class='ocrx_word' id='word_1_145' title='bbox 1014 2381 1108 2448; x_wconf 88' lang='lat' dir='ltr'><strong>buius</strong></span> <span class='ocrx_word' id='word_1_146' title='bbox 1128 2383 1240 2465; x_wconf 88' lang='lat' dir='ltr'><strong>capitis</strong></span> <span class='ocrx_word' id='word_1_147' title='bbox 1260 2381 1334 2462; x_wconf 85' lang='lat' dir='ltr'><strong>dixi,</strong></span> 
     </span>
     <span class='ocr_line' id='line_1_18' title="bbox 202 2490 1335 2575; baseline -0.001 -19"><span class='ocrx_word' id='word_1_148' title='bbox 202 2490 360 2572; x_wconf 87' lang='lat' dir='ltr'><strong>Hauptius</strong></span> <span class='ocrx_word' id='word_1_149' title='bbox 394 2490 636 2573; x_wconf 85' lang='lat' dir='ltr'><strong>Schwabiusque</strong></span> <span class='ocrx_word' id='word_1_150' title='bbox 675 2510 742 2556; x_wconf 91' lang='lat' dir='ltr'><strong>eam</strong></span> <span class='ocrx_word' id='word_1_151' title='bbox 776 2490 917 2557; x_wconf 82' lang='lat' dir='ltr'><strong>Clodiam</strong></span> <span class='ocrx_word' id='word_1_152' title='bbox 956 2493 1048 2557; x_wconf 90' lang='lat' dir='ltr'><strong>istam</strong></span> <span class='ocrx_word' id='word_1_153' title='bbox 1077 2492 1335 2575; x_wconf 87' lang='lat' dir='ltr'><strong>quadrantariam</strong></span> 
     </span>
     <span class='ocr_line' id='line_1_19' title="bbox 202 2600 1336 2685; baseline 0.001 -19"><span class='ocrx_word' id='word_1_154' title='bbox 202 2600 300 2666; x_wconf 86' lang='lat' dir='ltr'><strong>luisse</strong></span> <span class='ocrx_word' id='word_1_155' title='bbox 323 2606 532 2685; x_wconf 87' lang='lat' dir='ltr'><strong>sumpserunt.</strong></span> <span class='ocrx_word' id='word_1_156' title='bbox 577 2601 616 2667; x_wconf 93' lang='lat' dir='ltr'><strong>de</strong></span> <span class='ocrx_word' id='word_1_157' title='bbox 646 2600 740 2666; x_wconf 86' lang='lat' dir='ltr'><strong>huius</strong></span> <span class='ocrx_word' id='word_1_158' title='bbox 763 2606 869 2667; x_wconf 89' lang='lat' dir='ltr'><strong>autem</strong></span> <span class='ocrx_word' id='word_1_159' title='bbox 891 2602 960 2667; x_wconf 90' lang='lat' dir='ltr'><strong>uita</strong></span> <span class='ocrx_word' id='word_1_160' title='bbox 985 2603 1187 2685; x_wconf 75' lang='lat' dir='ltr'><strong>moribusque</strong></span> <span class='ocrx_word' id='word_1_161' title='bbox 1209 2619 1336 2668; x_wconf 88' lang='lat' dir='ltr'><strong>accura-</strong></span> 
     </span>
     <span class='ocr_line' id='line_1_20' title="bbox 203 2710 1336 2794; baseline 0.002 -20"><span class='ocrx_word' id='word_1_162' title='bbox 203 2710 267 2776; x_wconf 90' lang='lat' dir='ltr'><strong>tius</strong></span> <span class='ocrx_word' id='word_1_163' title='bbox 290 2712 404 2792; x_wconf 85' lang='lat' dir='ltr'><strong>agendi</strong></span> <span class='ocrx_word' id='word_1_164' title='bbox 426 2713 561 2794; x_wconf 86' lang='lat' dir='ltr'><strong>gratiam</strong></span> <span class='ocrx_word' id='word_1_165' title='bbox 584 2711 673 2777; x_wconf 92' lang='lat' dir='ltr'><strong>nobis</strong></span> <span class='ocrx_word' id='word_1_166' title='bbox 702 2712 779 2777; x_wconf 88' lang='lat' dir='ltr'><strong>facit</strong></span> <span class='ocrx_word' id='word_1_167' title='bbox 806 2711 939 2792; x_wconf 82' lang='lat' dir='ltr'><strong>diligens</strong></span> <span class='ocrx_word' id='word_1_168' title='bbox 967 2730 1005 2778; x_wconf 91' lang='lat' dir='ltr'><strong>ac</strong></span> <span class='ocrx_word' id='word_1_169' title='bbox 1034 2713 1160 2778; x_wconf 89' lang='lat' dir='ltr'><strong>subtilis</strong></span> <span class='ocrx_word' id='word_1_170' title='bbox 1182 2711 1336 2780; x_wconf 83' lang='lat' dir='ltr'><strong>Schwabii</strong></span> 
     </span>
    </p>
   </div>
   <div class='ocr_carea' id='block_1_3' title="bbox 72 2820 1336 2906">
    <p class='ocr_par' dir='ltr' id='par_1_4' title="bbox 72 2820 1336 2906">
     <span class='ocr_line' id='line_1_21' title="bbox 72 2820 1336 2906; baseline 0.002 -22"><span class='ocrx_word' id='word_1_171' title='bbox 72 2871 75 2875; x_wconf 93' lang='lat'>.</span> <span class='ocrx_word' id='word_1_172' title='bbox 204 2820 377 2902; x_wconf 87' lang='lat' dir='ltr'><strong>disputatio</strong></span> <span class='ocrx_word' id='word_1_173' title='bbox 401 2821 444 2906; x_wconf 87' lang='lat' dir='ltr'><strong>[p.</strong></span> <span class='ocrx_word' id='word_1_174' title='bbox 466 2828 506 2888; x_wconf 86' lang='grc'><strong>56</strong></span> <span class='ocrx_word' id='word_1_175' title='bbox 516 2822 610 2905; x_wconf 90' lang='lat' dir='ltr'><strong>sqq.].</strong></span> <span class='ocrx_word' id='word_1_176' title='bbox 655 2822 764 2902; x_wconf 89' lang='lat' dir='ltr'><strong>itaque</strong></span> <span class='ocrx_word' id='word_1_177' title='bbox 789 2820 987 2901; x_wconf 86' lang='lat' dir='ltr'><strong>perbreuiter</strong></span> <span class='ocrx_word' id='word_1_178' title='bbox 1007 2829 1191 2904; x_wconf 84' lang='lat' dir='ltr'><strong>argumenta</strong></span> <span class='ocrx_word' id='word_1_179' title='bbox 1212 2840 1336 2905; x_wconf 92' lang='lat' dir='ltr'><strong>compo-</strong></span> 
     </span>
    </p>
   </div>
   <div class='ocr_carea' id='block_1_4' title="bbox 204 2930 1338 4120">
    <p class='ocr_par' dir='ltr' id='par_1_5' title="bbox 206 2930 1336 3124">
     <span class='ocr_line' id='line_1_22' title="bbox 206 2930 1336 3016; baseline 0.004 -23"><span class='ocrx_word' id='word_1_180' title='bbox 206 2948 278 2996; x_wconf 90' lang='lat' dir='ltr'><strong>nam</strong></span> <span class='ocrx_word' id='word_1_181' title='bbox 301 2930 416 3012; x_wconf 88' lang='lat' dir='ltr'><strong>quibus</strong></span> <span class='ocrx_word' id='word_1_182' title='bbox 440 2931 594 2997; x_wconf 88' lang='lat' dir='ltr'><strong>adductus</strong></span> <span class='ocrx_word' id='word_1_183' title='bbox 617 2931 804 2996; x_wconf 87' lang='lat' dir='ltr'><strong>sententiam</strong></span> <span class='ocrx_word' id='word_1_184' title='bbox 828 2948 847 2995; x_wconf 92' lang='lat' dir='ltr'><strong>a</strong></span> <span class='ocrx_word' id='word_1_185' title='bbox 868 2932 947 2998; x_wconf 90' lang='lat' dir='ltr'><strong>uiris</strong></span> <span class='ocrx_word' id='word_1_186' title='bbox 967 2932 1029 2998; x_wconf 90' lang='lat' dir='ltr'><strong>illis</strong></span> <span class='ocrx_word' id='word_1_187' title='bbox 1051 2932 1150 3000; x_wconf 87' lang='lat' dir='ltr'><strong>doctis</strong></span> <span class='ocrx_word' id='word_1_188' title='bbox 1181 2933 1336 3016; x_wconf 87' lang='lat' dir='ltr'><strong>prolatam</strong></span> 
     </span>
     <span class='ocr_line' id='line_1_23' title="bbox 208 3041 540 3124; baseline -0.003 -18"><span class='ocrx_word' id='word_1_189' title='bbox 208 3041 301 3106; x_wconf 90' lang='lat' dir='ltr'><strong>unice</strong></span> <span class='ocrx_word' id='word_1_190' title='bbox 322 3058 432 3106; x_wconf 88' lang='lat' dir='ltr'><strong>ueram</strong></span> <span class='ocrx_word' id='word_1_191' title='bbox 453 3047 540 3124; x_wconf 89' lang='lat' dir='ltr'><strong>puto.</strong></span> 
     </span>
    </p>

    <p class='ocr_par' dir='ltr' id='par_1_6' title="bbox 204 3150 1334 3325">
     <span class='ocr_line' id='line_1_24' title="bbox 208 3150 1334 3235; baseline 0.004 -21"><span class='ocrx_word' id='word_1_192' title='bbox 208 3187 211 3192; x_wconf 92' lang='lat'>·</span> <span class='ocrx_word' id='word_1_193' title='bbox 287 3150 311 3214; x_wconf 93' lang='grc' dir='ltr'><strong>Ι.</strong></span> <span class='ocrx_word' id='word_1_194' title='bbox 356 3151 398 3216; x_wconf 86' lang='lat' dir='ltr'><strong>Et</strong></span> <span class='ocrx_word' id='word_1_195' title='bbox 428 3151 540 3217; x_wconf 86' lang='lat' dir='ltr'><strong>Lesbia</strong></span> <span class='ocrx_word' id='word_1_196' title='bbox 572 3157 605 3218; x_wconf 89' lang='lat' dir='ltr'><strong>et</strong></span> <span class='ocrx_word' id='word_1_197' title='bbox 629 3152 753 3220; x_wconf 79' lang='lat' dir='ltr'><strong>Clodia.</strong></span> <span class='ocrx_word' id='word_1_198' title='bbox 768 3153 996 3235; x_wconf 90' lang='lat' dir='ltr'><strong>quadrantaria</strong></span> <span class='ocrx_word' id='word_1_199' title='bbox 1030 3153 1127 3220; x_wconf 92' lang='lat' dir='ltr'><strong>nobili</strong></span> <span class='ocrx_word' id='word_1_200' title='bbox 1154 3154 1223 3220; x_wconf 93' lang='lat' dir='ltr'><strong>loco</strong></span> <span class='ocrx_word' id='word_1_201' title='bbox 1244 3158 1334 3219; x_wconf 88' lang='lat' dir='ltr'><strong>ortae</strong></span> 
     </span>
     <span class='ocr_line' id='line_1_25' title="bbox 204 3263 995 3325; baseline 0.001 -1"><span class='ocrx_word' id='word_1_202' title='bbox 204 3263 304 3325; x_wconf 89' lang='lat' dir='ltr'><strong>erant.</strong></span> <span class='ocrx_word' id='word_1_203' title='bbox 992 3319 995 3325; x_wconf 86' lang='lat'>.</span> 
     </span>
    </p>

    <p class='ocr_par' dir='ltr' id='par_1_7' title="bbox 204 3369 1338 3898">
     <span class='ocr_line' id='line_1_26' title="bbox 291 3369 1334 3460; baseline 0.005 -25"><span class='ocrx_word' id='word_1_204' title='bbox 291 3370 331 3435; x_wconf 94' lang='lat' dir='ltr'><strong>II.</strong></span> <span class='ocrx_word' id='word_1_205' title='bbox 377 3369 487 3436; x_wconf 89' lang='lat' dir='ltr'><strong>Clodia</strong></span> <span class='ocrx_word' id='word_1_206' title='bbox 517 3377 616 3453; x_wconf 89' lang='lat' dir='ltr'><strong>nupta</strong></span> <span class='ocrx_word' id='word_1_207' title='bbox 646 3377 715 3438; x_wconf 87' lang='lat' dir='ltr'><strong>erat</strong></span> <span class='ocrx_word' id='word_1_208' title='bbox 745 3373 931 3452; x_wconf 68' lang='lat' dir='ltr'><strong>buccello</strong></span> <span class='ocrx_word' id='word_1_209' title='bbox 962 3372 1063 3439; x_wconf 91' lang='lat' dir='ltr'><strong>Celeri</strong></span> <span class='ocrx_word' id='word_1_210' title='bbox 1095 3380 1191 3458; x_wconf 88' lang='lat' dir='ltr'><strong>(cons.</strong></span> <span class='ocrx_word' id='word_1_211' title='bbox 1218 3393 1245 3440; x_wconf 93' lang='lat' dir='ltr'><strong>a.</strong></span> <span class='ocrx_word' id='word_1_212' title='bbox 1270 3376 1334 3460; x_wconf 80' lang='lat'><strong>60),</strong></span> 
     </span>
     <span class='ocr_line' id='line_1_27' title="bbox 205 3481 1335 3567; baseline 0.004 -21"><span class='ocrx_word' id='word_1_213' title='bbox 205 3481 259 3562; x_wconf 91' lang='lat' dir='ltr'><strong>qui</strong></span> <span class='ocrx_word' id='word_1_214' title='bbox 283 3499 364 3546; x_wconf 93' lang='lat' dir='ltr'><strong>anno</strong></span> <span class='ocrx_word' id='word_1_215' title='bbox 388 3485 429 3546; x_wconf 77' lang='lat'><strong>69</strong></span> <span class='ocrx_word' id='word_1_216' title='bbox 463 3483 565 3547; x_wconf 90' lang='lat' dir='ltr'><strong>medio</strong></span> <span class='ocrx_word' id='word_1_217' title='bbox 588 3489 719 3548; x_wconf 86' lang='lat' dir='ltr'><strong>mortem</strong></span> <span class='ocrx_word' id='word_1_218' title='bbox 742 3484 835 3549; x_wconf 90' lang='lat' dir='ltr'><strong>obiit:</strong></span> <span class='ocrx_word' id='word_1_219' title='bbox 866 3483 1000 3550; x_wconf 87' lang='lat' dir='ltr'><strong>Lesbiae</strong></span> <span class='ocrx_word' id='word_1_220' title='bbox 1032 3502 1159 3567; x_wconf 86' lang='lat' dir='ltr'><strong>quoque</strong></span> <span class='ocrx_word' id='word_1_221' title='bbox 1189 3486 1335 3552; x_wconf 87' lang='lat' dir='ltr'><strong>maritum</strong></span> 
     </span>
     <span class='ocr_line' id='line_1_28' title="bbox 204 3589 1337 3676; baseline 0.004 -21"><span class='ocrx_word' id='word_1_222' title='bbox 204 3591 287 3656; x_wconf 89' lang='lat' dir='ltr'><strong>idem</strong></span> <span class='ocrx_word' id='word_1_223' title='bbox 311 3589 378 3656; x_wconf 88' lang='lat' dir='ltr'><strong>fere</strong></span> <span class='ocrx_word' id='word_1_224' title='bbox 400 3591 482 3656; x_wconf 88' lang='lat' dir='ltr'><strong>circa</strong></span> <span class='ocrx_word' id='word_1_225' title='bbox 504 3597 627 3674; x_wconf 90' lang='lat' dir='ltr'><strong>tempus</strong></span> <span class='ocrx_word' id='word_1_226' title='bbox 650 3611 668 3659; x_wconf 92' lang='lat' dir='ltr'><strong>c</strong></span> <span class='ocrx_word' id='word_1_227' title='bbox 692 3595 795 3660; x_wconf 89' lang='lat' dir='ltr'><strong>medio</strong></span> <span class='ocrx_word' id='word_1_228' title='bbox 818 3595 946 3660; x_wconf 88' lang='lat' dir='ltr'><strong>cessisse</strong></span> <span class='ocrx_word' id='word_1_229' title='bbox 973 3613 1012 3659; x_wconf 90' lang='lat' dir='ltr'><strong>ex</strong></span> <span class='ocrx_word' id='word_1_230' title='bbox 1034 3597 1079 3660; x_wconf 87' lang='lat' dir='ltr'><strong>eis</strong></span> <span class='ocrx_word' id='word_1_231' title='bbox 1102 3613 1185 3676; x_wconf 88' lang='lat' dir='ltr'><strong>quae</strong></span> <span class='ocrx_word' id='word_1_232' title='bbox 1207 3596 1247 3661; x_wconf 89' lang='lat' dir='ltr'><strong>de</strong></span> <span class='ocrx_word' id='word_1_233' title='bbox 1269 3614 1337 3662; x_wconf 84' lang='lat' dir='ltr'><strong>car-</strong></span> 
     </span>
     <span class='ocr_line' id='line_1_29' title="bbox 205 3690 1338 3789; baseline 0.007 -24"><span class='ocrx_word' id='word_1_234' title='bbox 205 3702 287 3766; x_wconf 89' lang='lat' dir='ltr'><strong>mine</strong></span> <span class='ocrx_word' id='word_1_235' title='bbox 316 3700 400 3766; x_wconf 85' lang='lat' dir='ltr'><strong>LXX</strong></span> <span class='ocrx_word' id='word_1_236' title='bbox 423 3719 568 3782; x_wconf 88' lang='lat' dir='ltr'><strong>quaeque</strong></span> <span class='ocrx_word' id='word_1_237' title='bbox 603 3703 643 3769; x_wconf 92' lang='lat' dir='ltr'><strong>de</strong></span> <span class='ocrx_word' id='word_1_238' title='bbox 672 3705 785 3770; x_wconf 86' lang='lat' dir='ltr'><strong>amoris</strong></span> <span class='ocrx_word' id='word_1_239' title='bbox 815 3702 985 3770; x_wconf 81' lang='lat' dir='ltr'><strong>Catulliani</strong></span> <span class='ocrx_word' id='word_1_240' title='bbox 1018 3711 1158 3789; x_wconf 91' lang='lat' dir='ltr'><strong>tempore</strong></span> <span class='ocrx_word' id='word_1_241' title='bbox 1189 3690 1338 3772; x_wconf 82' lang='lat' dir='ltr'><strong>disserui·</strong></span> 
     </span>
     <span class='ocr_line' id='line_1_30' title="bbox 204 3808 784 3898; baseline 0.005 -23"><span class='ocrx_word' id='word_1_242' title='bbox 204 3829 273 3876; x_wconf 89' lang='lat' dir='ltr'><strong>mus</strong></span> <span class='ocrx_word' id='word_1_243' title='bbox 295 3811 363 3876; x_wconf 92' lang='lat' dir='ltr'><strong>ueri</strong></span> <span class='ocrx_word' id='word_1_244' title='bbox 383 3808 419 3875; x_wconf 86' lang='lat' dir='ltr'><strong>lit</strong></span> <span class='ocrx_word' id='word_1_245' title='bbox 440 3811 549 3877; x_wconf 91' lang='lat' dir='ltr'><strong>simile.</strong></span> <span class='ocrx_word' id='word_1_246' title='bbox 781 3889 784 3898; x_wconf 13' lang='grc' dir='ltr'><em>κ</em></span> 
     </span>
    </p>

    <p class='ocr_par' dir='ltr' id='par_1_8' title="bbox 206 3919 1338 4120">
     <span class='ocr_line' id='line_1_31' title="bbox 296 3919 1337 3994; baseline 0.01 -11"><span class='ocrx_word' id='word_1_247' title='bbox 296 3919 350 3984; x_wconf 91' lang='grc' dir='ltr'><strong>ΙΠ.</strong></span> <span class='ocrx_word' id='word_1_248' title='bbox 397 3923 469 3986; x_wconf 89' lang='lat' dir='ltr'><strong>anni</strong></span> <span class='ocrx_word' id='word_1_249' title='bbox 502 3927 542 3986; x_wconf 81' lang='lat'><strong>59</strong></span> <span class='ocrx_word' id='word_1_250' title='bbox 577 3923 668 3989; x_wconf 92' lang='lat' dir='ltr'><strong>initio</strong></span> <span class='ocrx_word' id='word_1_251' title='bbox 701 3923 812 3990; x_wconf 90' lang='lat' dir='ltr'><strong>Clodia</strong></span> <span class='ocrx_word' id='word_1_252' title='bbox 844 3944 863 3989; x_wconf 89' lang='lat' dir='ltr'><strong>a</strong></span> <span class='ocrx_word' id='word_1_253' title='bbox 899 3925 940 3990; x_wconf 90' lang='lat' dir='ltr'><strong>M.</strong></span> <span class='ocrx_word' id='word_1_254' title='bbox 963 3925 1069 3991; x_wconf 87' lang='lat' dir='ltr'><strong>Caelio</strong></span> <span class='ocrx_word' id='word_1_255' title='bbox 1092 3927 1174 3992; x_wconf 85' lang='lat' dir='ltr'><strong>Ruso</strong></span> <span class='ocrx_word' id='word_1_256' title='bbox 1209 3933 1337 3994; x_wconf 91' lang='lat' dir='ltr'><strong>oratore</strong></span> 
     </span>
     <span class='ocr_line' id='line_1_32' title="bbox 206 4031 1338 4120; baseline 0.01 -28"><span class='ocrx_word' id='word_1_257' title='bbox 206 4031 305 4094; x_wconf 88' lang='lat' dir='ltr'><strong>amari</strong></span> <span class='ocrx_word' id='word_1_258' title='bbox 329 4035 439 4113; x_wconf 85' lang='lat' dir='ltr'><strong>coepta</strong></span> <span class='ocrx_word' id='word_1_259' title='bbox 462 4037 526 4098; x_wconf 87' lang='lat' dir='ltr'><strong>est:</strong></span> <span class='ocrx_word' id='word_1_260' title='bbox 559 4031 675 4098; x_wconf 89' lang='lat' dir='ltr'><strong>Catulli</strong></span> <span class='ocrx_word' id='word_1_261' title='bbox 699 4034 814 4099; x_wconf 89' lang='lat' dir='ltr'><strong>Lesbia</strong></span> <span class='ocrx_word' id='word_1_262' title='bbox 835 4053 905 4101; x_wconf 92' lang='lat' dir='ltr'><strong>cum</strong></span> <span class='ocrx_word' id='word_1_263' title='bbox 928 4037 1012 4103; x_wconf 81' lang='lat' dir='ltr'><strong>Rufo</strong></span> <span class='ocrx_word' id='word_1_264' title='bbox 1034 4037 1171 4120; x_wconf 91' lang='lat' dir='ltr'><strong>quodam</strong></span> <span class='ocrx_word' id='word_1_265' title='bbox 1194 4057 1260 4103; x_wconf 92' lang='lat' dir='ltr'><strong>rem</strong></span> <span class='ocrx_word' id='word_1_266' title='bbox 1281 4037 1338 4103; x_wconf 89' lang='lat' dir='ltr'><strong>ha·</strong></span> 
     </span>
    </p>
   </div>
   <div class='ocr_carea' id='block_1_5' title="bbox 129 4140 1337 4342">
    <p class='ocr_par' dir='ltr' id='par_1_9' title="bbox 129 4140 1337 4342">
     <span class='ocr_line' id='line_1_33' title="bbox 205 4140 1337 4225; baseline 0.011 -23"><span class='ocrx_word' id='word_1_267' title='bbox 205 4140 276 4203; x_wconf 91' lang='lat' dir='ltr'><strong>buit</strong></span> <span class='ocrx_word' id='word_1_268' title='bbox 297 4141 394 4222; x_wconf 91' lang='lat' dir='ltr'><strong>idque</strong></span> <span class='ocrx_word' id='word_1_269' title='bbox 417 4159 453 4205; x_wconf 91' lang='lat' dir='ltr'><strong>eo</strong></span> <span class='ocrx_word' id='word_1_270' title='bbox 476 4147 617 4224; x_wconf 88' lang='lat' dir='ltr'><strong>tempore</strong></span> <span class='ocrx_word' id='word_1_271' title='bbox 647 4160 709 4225; x_wconf 92' lang='lat' dir='ltr'><strong>quo</strong></span> <span class='ocrx_word' id='word_1_272' title='bbox 731 4143 873 4210; x_wconf 87' lang='lat' dir='ltr'><strong>Catullus</strong></span> <span class='ocrx_word' id='word_1_273' title='bbox 903 4147 1002 4213; x_wconf 86' lang='lat' dir='ltr'><strong>fratre</strong></span> <span class='ocrx_word' id='word_1_274' title='bbox 1031 4149 1160 4214; x_wconf 88' lang='lat' dir='ltr'><strong>orbatus</strong></span> <span class='ocrx_word' id='word_1_275' title='bbox 1191 4148 1337 4215; x_wconf 90' lang='lat' dir='ltr'><strong>Ueronae</strong></span> 
     </span>
     <span class='ocr_line' id='line_1_34' title="bbox 129 4249 781 4342; baseline 0.008 -29"><span class='ocrx_word' id='word_1_276' title='bbox 129 4335 132 4342; x_wconf 86' lang='lat'>.</span> <span class='ocrx_word' id='word_1_277' title='bbox 210 4249 305 4332; x_wconf 84' lang='lat' dir='ltr'><strong>degit,</strong></span> <span class='ocrx_word' id='word_1_278' title='bbox 328 4249 360 4314; x_wconf 92' lang='lat' dir='ltr'><strong>id</strong></span> <span class='ocrx_word' id='word_1_279' title='bbox 386 4255 443 4330; x_wconf 88' lang='lat' dir='ltr'><strong>est,</strong></span> <span class='ocrx_word' id='word_1_280' title='bbox 467 4253 562 4333; x_wconf 90' lang='lat' dir='ltr'><strong>paulo</strong></span> <span class='ocrx_word' id='word_1_281' title='bbox 584 4258 656 4335; x_wconf 90' lang='lat' dir='ltr'><strong>post</strong></span> <span class='ocrx_word' id='word_1_282' title='bbox 678 4271 706 4318; x_wconf 91' lang='lat' dir='ltr'><strong>a.</strong></span> <span class='ocrx_word' id='word_1_283' title='bbox 730 4257 781 4320; x_wconf 82' lang='lat'><strong>60.</strong></span> 
     </span>
    </p>
   </div>
   <div class='ocr_carea' id='block_1_6' title="bbox 0 0 1534 5078">
    <p class='ocr_par' dir='ltr' id='par_1_10' title="bbox 0 0 1534 5078">
     <span class='ocr_line' id='line_1_35' title="bbox 0 0 1534 5078; baseline 0 0"><span class='ocrx_word' id='word_1_284' title='bbox 0 0 1534 5078; x_wconf 95' lang='lat' dir='ltr'><strong> </strong></span> 
     </span>
    </p>
   </div>
  </div>
 </body>
</html>
