3032 5078
703 478 744 537 63

155 643 231 708 bum
255 643 305 708 hio
334 661 395 707 non
420 643 568 708 admittat
584 643 645 708 nisi
662 643 899 710 commendandi
915 642 1182 729 significationem,
1197 644 1291 725 plano

156 771 307 834 peruerse
337 753 461 818 Catullo
492 754 594 819 Allius
624 754 696 819 olim
727 754 958 820 commendatus
982 773 1050 818 esse
1073 755 1197 833 dieitur,
1221 773 1290 819 curn

156 881 238 945 quae
259 870 407 928 secuntur
429 864 527 928 uerba
552 867 580 928 ‘a
610 882 672 946 quo
695 869 768 928 suut
790 865 890 945 primo
912 866 954 929 mi
977 865 1081 928 omnia
1104 870 1178 930 nata
1199 866 1289 929 boua’
1340 887 1347 940 '.

155 977 345 1039 sententiam
380 976 474 1056 plane
505 975 695 1040 contrariam
729 974 936 1056 expostulent.
990 975 1095 1054 itaque
1125 980 1291 1056 praeterea

156 1084 356 1149 scribendum
388 1090 457 1149 erat
486 1086 585 1149 ‘uobis
614 1103 663 1148 me
691 1084 842 1149 tradidit'.
888 1102 951 1165 qua
977 1103 1012 1149 re
1032 1085 1071 1148 de
1094 1086 1291 1150 coniecturae

156 1196 241 1260 illius
276 1196 499 1277 probabilitate
529 1195 660 1261 multum
692 1194 885 1259 detrahitur.'
917 1194 993 1258 mihi
1029 1196 1112 1260 omni
1151 1201 1290 1276 ternpore

157 1311 263 1386 poeta,
287 1325 355 1370 cum
373 1313 453 1387 quae
475 1307 507 1371 iu
527 1324 621 1370 uersu
634 1311 829 1386 pentametro
849 1305 997 1386 leguntur
1019 1305 1118 1369 uerba
1129 1307 1289 1387 scriberet,
1337 1389 1344 1400 x

160 1416 201 1480 de
222 1429 289 1480 'uua
318 1415 432 1480 Lesbia
461 1418 615 1498 cogitasse
646 1423 694 1482 est
722 1418 818 1481 uisus,
863 1417 937 1496 quid
972 1418 1053 1482 enirn
1077 1420 1175 1499 magis
1198 1419 1291 1484 huius

160 1527 281 1608 elegiae
300 1524 353 1590 fini
378 1528 523 1592 conuenit
550 1545 642 1609 quarn
673 1546 692 1591 a
714 1526 836 1592 Catullo
862 1527 955 1592 etiam
984 1528 1065 1609 eiua,
1094 1546 1197 1611 aquo
1218 1529 1290 1593 olim

158 1637 191 1700 in
221 1636 353 1701 Lesbiae
390 1639 515 1702 domurn
550 1639 660 1702 ductus
691 1643 774 1716 erat,
813 1639 1136 1704 commemorationem
1167 1638 1291 1703 honori·

161 1743 250 1810 ficum
273 1744 368 1811 fieri?
392 1749 444 1828 qui
467 1750 492 1812 si
515 1766 664 1827 reuera,
695 1753 731 1811 ut
753 1747 887 1830 Heysius
910 1749 1059 1829 coniecit,
1088 1751 1189 1813 Anser
1220 1748 1290 1829 fuit,

160 1857 236 1936 quid
260 1859 372 1922 mirum
397 1863 442 1921 est
466 1858 548 1938 quod
570 1863 664 1939 poeta
686 1865 810 1940 poetam
834 1859 874 1923 ad
892 1857 1032 1923 Clodiam
1054 1860 1132 1924 artis
1151 1859 1292 1940 poeticae

161 1968 419 2033 studiosissimam
451 1986 593 2049 quaeque
626 1969 759 2033 fortasse
789 1969 872 2033 illius
913 1970 1065 2051 discipula
1102 1975 1171 2035 erat
1201 1971 1292 2036 duoc-

161 2077 238 2140 bat?
260 2077 300 2142 ab
323 2079 383 2143 hac
405 2084 509 2144 autem
531 2080 721 2160 pentametri
748 2098 858 2143 uersus
888 2080 1146 2161 interpretatione
1168 2080 1292 2162 profici-

161 2186 318 2252 scendum
338 2195 387 2253 est
416 2191 456 2254 ad
487 2208 596 2254 uersus
619 2191 738 2270 prioris
763 2190 1019 2254 emendationem.
1065 2191 1096 2255 in
1127 2209 1189 2271 quo
1219 2193 1292 2257 talis

159 2297 253 2363 debet
289 2298 389 2364 latere
431 2301 604 2364 sententia:
645 2303 698 2380 qui
733 2299 821 2364 nobis
857 2301 992 2380 puellam
1027 2306 1163 2364 amatam
1194 2303 1290 2366 dedit.

158 2409 326 2488 genuinam
349 2409 474 2474 distichi
497 2399 628 2474 formam
651 2416 797 2491 putamus
820 2411 916 2474 fuisse
938 2409 1033 2474 hanc:
1059 2413 1099 2474 ‘et
1129 2412 1185 2493 qui
1206 2413 1291 2492 priu-

158 2519 239 2600 cipio
262 2519 352 2584 nobis
371 2518 502 2584 taedam
525 2520 612 2584 dedit
635 2521 750 2598 Auser,
783 2538 885 2601 aquo
907 2526 980 2584 sunt
1000 2521 1101 2612 primo
1123 2522 1166 2584 mi
1188 2523 1292 2586 omnia

157 2633 233 2693 nata
254 2629 356 2694 bona'.
402 2630 447 2694 ita
470 2631 551 2695 enim
570 2631 682 2704 taedae
700 2631 852 2696 uocabulo
872 2631 1054 2712 Propertius
1071 2650 1194 2714 quoque
1217 2650 1291 2698 usus

157 2745 205 2803 est
221 2739 249 2822 [l
267 2745 295 2819 8,
314 2739 387 2824 21];
414 2744 495 2805 ‘nam
509 2760 558 2805 me
574 2759 634 2806 uon
650 2741 734 2806 ullae
749 2747 898 2822 poterunt
913 2760 1111 2823 corrumpere
1126 2742 1289 2825 taedae'*).

243 2873 373 2940 LXXVI
399 2879 432 2938 ll
444 2894 506 2957 sq.:

328 3025 393 3094 quin
411 3031 441 3080 tu
459 3027 547 3093 auimo
568 3027 689 3084 offirmas
706 3036 788 3098 atque
805 3029 889 3083 istinc
907 3036 989 3098 teque
1007 3029 1116 3084 reducis

400 3128 427 3176 et
444 3118 486 3174 dis
504 3120 597 3175 inuitis
617 3123 720 3184 desinis
740 3138 801 3177 esse
818 3123 919 3176 miser?

157 3280 300 3345 lectionis
330 3283 468 3346 uarietas
500 3283 532 3346 iu
562 3281 594 3345 V
611 3284 687 3350 baec
718 3291 782 3350 est:
817 3286 880 3367 ‘qui
912 3285 958 3348 tui
981 3285 1049 3368 (tu'
1075 3283 1120 3368 D)
1154 3284 1292 3350 offirmas

99 3427 102 3434 ι
157 3388 329 3472 (affirmas
361 3389 428 3474 Dl’.
474 3394 587 3458 deiude
613 3393 643 3457 0
666 3395 903 3477 &instincteque'²
940 3394 1226 3477 G‘iustinctoque’
1249 3394 1293 3459 le-

156 3506 244 3582 gunt.
290 3507 350 3566 uod
373 3503 452 3569 latet
473 3505 559 3570 aliud
582 3505 614 3569 in
640 3506 761 3588 ‘quitui'
788 3523 881 3587 quam
907 3506 1027 3587 ‘quitni'
1052 3505 1085 3570 id
1115 3512 1161 3571 est
1193 3505 1292 3586 ‘quid-

137 3611 211 3675 .ni’.
257 3631 295 3676 ex
319 3614 546 3696 ‘instincteque'
577 3622 681 3680 autem
713 3633 902 3697 quamquam
930 3618 1015 3680 recte
1045 3615 1154 3681 ‘istinc'
1178 3617 1292 3681 elicue-

157 3727 245 3800 runt,
278 3729 383 3787 tamen
417 3725 449 3788 in
473 3725 584 3807 ‘teque'
615 3726 726 3808 copula
754 3745 803 3791 me
830 3726 955 3808 quidem
979 3726 1080 3790 iudice
1109 3726 1293 3792 nonhabet

158 3833 267 3897 locum.
314 3839 362 3898 est
384 3840 489 3899 autem
516 3837 627 3917 ‘teque’
651 3843 832 3918 corruptum
856 3855 894 3901 ex
925 3837 1024 3916 ‘tece’‚
1057 3837 1170 3917 idest,
1197 3837 1289 3903 ‘tete'⁸

225 4115 251 4180 *l
271 4129 293 4166 c.
311 4113 402 4167 LXXI
420 4117 437 4168 4
462 4114 634 4170 scribendum
661 4132 722 4173 esse
743 4116 892 4172 ‘mirificast
915 4133 1014 4192 poena¹
1028 4125 1123 4172 nactus
1147 4121 1291 4185 utrumque

156 4207 264 4262 malum’
283 4207 363 4261 docui
381 4207 410 4261 iu
427 4208 561 4263 Fleckeis.
580 4211 669 4264 annal.
688 4213 755 4266 1872
772 4226 800 4279 p.
818 4211 878 4264 846.
