3032 5078
1264 847 1297 1093 auferat
1266 1137 1289 1262 una
1266 1306 1297 1441 dies
1258 1483 1291 1900 supremaque
1268 1943 1300 2139 uerba
1260 2180 1299 2462 parentis

1204 848 1236 1098 amittat
1198 1128 1237 1424 uigilasse
1207 1465 1230 1663 suum-
1208 1753 1239 1805 si
1208 1851 1241 2016 forte
1200 2058 1240 2396 superbum

1144 845 1176 1084 errauit
1145 1124 1177 1189 in
1145 1234 1174 1435 morte
1137 1477 1178 1658 piger
1147 1707 1179 1764 si
1139 1804 1179 2020 lingua
1147 2055 1179 2265 locuta
1148 2310 1177 2407 est

1081 845 1116 1052 neseio
1077 1099 1116 1248 quid
1078 1287 1117 1564 fugiente
1086 1608 1118 1816 anima
1087 1859 1110 1983 non
1079 2029 1117 2250 sponte
1087 2289 1120 2401 sed
1088 2445 1120 2592 altis

1016 845 1054 1202 expugnata
1025 1243 1057 1424 malis
1026 1467 1058 1611 odio
1018 1658 1058 1978 languoris
1018 2021 1059 2221 iniqui

964 845 995 898 si
964 941 987 1114 mens
964 1157 988 1340 caeca
966 1381 998 1502 fuit
965 1546 997 1776 iterum
965 1823 998 2058 sentire
966 2102 998 2318 ruinas

904 845 936 1034 Troia
905 1076 928 1222 suas
905 1266 938 1493 iterum
898 1541 934 1798 cogetur
906 1843 938 2107 reddere
906 2149 930 2337 uoces

844 847 876 1118 infertur
836 1160 877 1387 Tyriae
836 1427 875 1572 post
845 1616 877 1880 uulnera
846 1924 877 2150 uulnus
846 2195 878 2440 Elissae

784 844 813 975 tam
784 1019 807 1262 sacrum
785 1303 817 1584 soluetur
777 1627 808 1784 opus
786 1827 815 1920 tot
786 1967 818 2132 bella
786 2177 815 2272 tot
786 2317 810 2495 enses

723 846 755 911 in
724 957 755 1226 cinerem
724 1271 757 1448 dabit
725 1491 748 1603 ora
725 1647 748 1876 nocens
725 1920 754 1986 et
717 2025 758 2302 perfidus
726 2347 749 2522 error

663 847 695 969 huc-
659 1007 696 1129 huc
651 1172 696 1453 Pierides
664 1492 696 1640 date
665 1679 698 1939 flumina
664 1984 693 2207 cuncta
665 2249 688 2494 sorores

602 850 631 915 et
594 952 634 1192 spirent
596 1236 635 1410 ignes
604 1455 636 1634 uiuat
604 1674 637 1854 Maro
604 1890 636 2113 ductus
597 2155 637 2387 ubique

535 849 574 1259 ingratusque
544 1299 575 1398 sui
536 1439 576 1920 studiorumque
544 1963 576 2217 inuidus
545 2263 577 2399 orbi

482 849 511 910 et
482 955 515 1158 factus
471 1201 511 1348 post
483 1387 515 1522 fata
483 1559 507 1806 nocens-
476 1897 515 2065 quod
484 2110 515 2383 iusserat
481 2426 517 2540 ille,

404 849 454 1228 si‘uetuisse
423 1271 446 1477 meum
423 1519 455 1676 satis
423 1719 453 1815 est
415 1859 453 2002 post
416 2041 453 2327 tempora
424 2372 457 2504 uite

362 847 393 1033 immo
362 1077 394 1162 sit
362 1205 391 1499 aeternus
363 1543 392 1679 tota
363 1724 393 2064 resonante
364 2109 397 2384 Camena

300 847 324 1095 carmen
302 1141 331 1206 et
302 1248 333 1312 in
294 1357 335 1587 populo
302 1633 334 1765 diui
303 1813 335 1929 sub
304 1977 335 2230 numine
304 2274 327 2501 nomen

239 847 272 1141 laudetur
232 1185 273 1398 uigeat.
234 1442 275 1688 placeat
234 1737 274 2057 relegatur
244 2100 273 2364 ametur-

1140 2841 1174 3188 cruciataque
1140 3223 1171 3452 pectora
1147 3484 1177 3692 flustra

1089 2839 1116 3166 id-cinerem
1088 3202 1116 3346 ferut
1088 3380 1115 3518 hora.
1087 3557 1115 3732 frusta

842 2842 869 3039 sentiet
835 3074 869 3368 applicitus
842 3401 869 3622 turbata.
842 3655 870 3834 sibilla.
834 3867 861 4104 uapores

784 2843 809 2900 et
784 2929 811 3110 iurata
784 3141 811 3282 mori
783 3315 803 3416 nee
776 3451 814 3669 cingula
783 3701 811 3898 reddat
783 3929 802 4154 ama-zon

726 2845 752 2902 di
725 2933 752 3154 meliora
725 3189 752 3315 date
724 3351 743 3417 ac
724 3453 744 3623 sensu
724 3646 748 3903 reuocate
717 3927 749 4211 parentem

659 2843 686 2981 paee
667 3014 694 3118 uiri
665 3151 694 3318 liceat
665 3352 692 3492 tanti
665 3539 685 3640 nec
665 3674 692 3952 commoda
658 3989 692 4210 linguae

607 2843 635 3026 diuitis
607 3059 634 3327 intereant
600 3360 627 3462 per
600 3497 626 3658 quam
606 3690 626 3916 romana
604 3962 633 4212 iuuentus

547 2842 571 3121 aeternum
548 3150 576 3349 florere
541 3384 572 3568 potest
548 3600 568 3790 uerum
