3032 5078
735 487 772 548 21

273 656 344 721 IIII.
399 655 540 722 Catullus
578 674 602 720 e.
633 654 762 720 LXXIX
799 655 942 721 Lesbiam
981 656 1127 723 Lesbium
1165 657 1320 738 quendam

188 768 402 848 cunnilingum
424 766 484 830 sibi
506 764 693 848 praetulisse
713 765 806 830 dicit:

344 907 459 963 Lesbius
479 914 520 962 est
536 907 666 976 pulcher:
688 907 752 974 quid
770 909 821 963 ni?
839 925 918 978 quem
936 910 1038 964 Lesbia
1055 909 1131 965 malit

412 1017 491 1070 quam
509 1009 537 1055 te
556 1007 797 1069 contorquente,
817 1002 930 1074 Catulle,
947 1009 1002 1060 tua.

343 1095 392 1148 sed
412 1098 503 1148 tamen
519 1093 565 1147 hic
582 1092 697 1162 pulcher
715 1094 817 1148 uendat
835 1110 895 1149 cum
913 1105 995 1165 gente
1012 1097 1155 1164 Catullum,

414 1188 436 1242 si
454 1187 509 1240 tria
525 1194 649 1241 notorum
668 1188 745 1242 sauia
763 1191 923 1258 reppererit.

189 1319 226 1381 ‘si
247 1316 378 1382 Lesbiae
408 1335 519 1382 nomen
555 1336 664 1384 uerum
693 1326 741 1384 est
772 1319 897 1399 Clodia,
932 1337 1042 1385 uerum
1072 1317 1175 1382 Lesbii
1208 1336 1319 1382 nomen

187 1426 315 1492 Clodius
339 1425 435 1490 luerit
457 1445 582 1492 necesse
605 1429 661 1492 est’
683 1427 877 1512 [Schwabius
899 1449 928 1512 p.
955 1427 1045 1511 1351:
1078 1427 1219 1492 Clodiam
1240 1445 1318 1508 qua·

189 1538 383 1603 drantariam
414 1542 535 1601 etcum
565 1537 599 1603 P.
623 1538 732 1604 Clodio
760 1539 858 1604 fratre
881 1539 1033 1605 incestum
1056 1537 1167 1610 fecisse
1190 1544 1222 1602 et
1244 1537 1314 1603 Sex.

190 1647 333 1714 Clodium
355 1646 502 1728 gentilem
526 1650 727 1730 turpissimae
748 1649 904 1731 libidims,
930 1667 1023 1730 quam
1045 1648 1157 1714 Graeci
1179 1648 1316 1728 γλωσσο·

189 1771 295 1822 ποιεῖν
319 1758 472 1824 uocabulo
494 1757 684 1840 significant,
716 1760 888 1841 explendae
919 1759 1066 1824 babuIsse
1096 1758 1316 1824 administrum

187 1887 225 1933 ex
257 1867 406 1934 Cicerone
438 1867 631 1951 [Schwaqus
665 1889 694 1950 p.
719 1874 758 1934 62
791 1876 823 1934 et
857 1870 911 1950 90]
942 1869 1065 1934 scimus.
1101 1905 1143 1916 -
1179 1873 1317 1934 ceterum

191 1977 352 2044 Schwabio
380 1977 415 2066 P.
439 1977 582 2043 Clodium
612 1978 740 2044 fratrem
775 1998 794 2044 a
826 1977 949 2044 Catullo
972 1979 1077 2043 Lesbii
1099 1979 1225 2042 nomme
1246 1976 1318 2045 ficto

188 2089 273 2170 carpi
296 2089 434 2154 censenti
457 2094 541 2152 recte
564 2089 726 2162 oblocutus
756 2095 804 2154 est
828 2089 961 2154 RIesius.
1006 2088 1105 2153 multo
1127 2095 1232 2154 autem
1256 2109 1319 2155 rne-

187 2198 250 2262 lius
282 2198 477 2280 intellegitur
511 2200 589 2264 illud
619 2203 722 2281 ‘quam
756 2206 794 2268 te.
816 2218 884 2264 cum
916 2205 983 2264 tota
1012 2205 1146 2280 gente,
1186 2199 1317 2282 Catulle,

186 2309 269 2388 tua’‚
300 2309 327 2372 si
350 2308 420 2374 Sex.
444 2308 587 2374 Clodium
610 2310 759 2390 gentilem
790 2309 955 2375 aCatullo
980 2310 1040 2375 dici
1063 2311 1241 2375 statuimus.
1287 2316 1319 2376 et

186 2419 237 2484 hic
260 2423 393 2501 tantum,
415 2438 476 2484 non
497 2419 531 2484 P.
549 2419 685 2501 Clodius,
709 2425 745 2484 ut
762 2418 891 2486 Clodiae
912 2420 1109 2500 cunnilingus
1132 2439 1151 2485 a
1170 2419 1319 2486 Cicerone

185 2535 324 2594 notatur.
783 2538 786 2541 ’

270 2639 308 2704 V.
353 2639 485 2704 Lesbiae
505 2641 607 2720 imago
630 2659 649 2705 a
672 2632 795 2706 Catullo
816 2640 954 2706 exhibita
975 2641 1068 2722 plane
1085 2640 1228 2722 congruit
1249 2660 1318 2706 cum

185 2768 224 2815 ea
255 2767 349 2832 quam
387 2750 427 2815 de
465 2749 592 2815 Clodiae
630 2752 710 2830 uita
730 2750 898 2816 libidinosa
932 2753 964 2815 in
998 2751 1146 2816 Caeliana
1177 2750 1319 2833 depingit

188 2859 306 2927 Cicero.

273 2971 385 3053 Itaque
408 2975 600 3052 argumentis
630 2977 679 3037 sat
702 2974 779 3038 tuus
802 2972 943 3037 stabilita
973 2978 1005 3037 et
1034 2973 1074 3038 ad
1105 2975 1175 3037 eum
1204 2971 1319 3053 proba-

188 3083 321 3147 bilitatis
344 3082 491 3162 gradun,
522 3083 561 3146 ad
585 3101 676 3164 quem
699 3084 778 3149 tales
801 3083 1000 3165 quaestiones
1027 3083 1184 3149 adducere
1205 3100 1317 3164 possu-

189 3210 269 3273 mus,
294 3177 431 3257 adducta
452 3193 528 3256 mibi
549 3195 677 3259 uidetur
700 3195 839 3259 uirorum
862 3195 1023 3259 doctorum
1045 3195 1200 3258 sententia
1223 3213 1320 3258 unam

187 3303 382 3384 eandemque
418 3303 564 3368 feminam
597 3323 664 3368 esse
693 3304 838 3370 Lesbiam
869 3302 1078 3370 Catullianam
1112 3311 1144 3371 et
1176 3305 1318 3370 Clodiam

187 3414 445 3495 quadrantariam
468 3414 705 3495 censentium*).
1229 3413 1233 3426 '

232 3636 277 3705 ’*)
295 3635 426 3691 nonnulla
449 3651 518 3703 quae
540 3635 690 3691 sententiae
712 3635 784 3690 illius
806 3635 1011 3704 impugnatores
1035 3636 1207 3704 protulerunt
1230 3636 1319 3690 sciens

184 3729 359 3797 prudensque
387 3729 478 3796 onrisi;
504 3731 588 3784 ueluti
613 3745 683 3800 quae
708 3729 816 3784 Riesius
844 3730 876 3784 de
900 3728 974 3783 Rufo
989 3737 1016 3784 et
1043 3729 1134 3784 Caelio
1160 3728 1319 3784 Catullianis

184 3821 342 3890 disputauit.
378 3837 441 3876 nam
459 3839 506 3878 eos
525 3823 593 3878 duos
612 3838 671 3878 esse
690 3823 813 3879 homines
831 3823 912 3892 plane
930 3823 1054 3878 diuersos
1073 3821 1153 3876 facile
1174 3823 1319 3891 unusquis·

185 3931 238 3982 que
257 3915 400 3984 intellegit.
437 3931 524 3984 neque
549 3933 615 3972 uero
640 3917 805 3973 refutatione
824 3917 932 3986 dignum
958 3923 1000 3971 est
1030 3917 1100 3983 quod
1126 3915 1317 3970 Broukhusius

185 4023 218 4062 ex
237 4025 259 4063 c.
278 4009 394 4063 LXVIII
419 4026 444 4062 u.
470 4013 518 4064 142
544 4011 577 4064 de
607 4011 722 4066 Lesbiae
747 4016 826 4079 patre
855 4009 1003 4078 conclusit;
1030 4025 1090 4062 nam
1118 4009 1195 4062 locus
1221 4010 1268 4063 ille
1288 4017 1318 4064 ut

184 4111 279 4171 aperte
296 4104 441 4158 lacunosae
460 4105 499 4158 ita
518 4113 662 4172 corruptus
681 4109 731 4158 est.
