3032 5078
750 431 791 490 64

202 597 343 676 legamus
374 614 465 676 ergo:
499 595 617 676 ‘quidni
649 587 752 661 animo
785 597 923 663 officinas
956 602 1051 678 atque
1075 599 1167 662 istinc
1196 602 1260 663 tete
1290 617 1340 663 re·

203 707 310 772 ducis'.

294 816 410 882 LXVII
434 822 543 897 5sqq.:

377 959 502 1028 eripuisti
520 958 628 1013 heuheu
646 965 757 1015 nostrae
777 961 886 1016 crudele
905 975 1036 1015 uenenum

433 1053 514 1121 uitae,
532 1052 770 1109 heuheonostrae
788 1055 874 1122 pestis
893 1055 1035 1110 amicitiae

204 1203 261 1266 pro
286 1183 428 1248 ‘heuheu'
453 1203 546 1248 uersu
568 1186 673 1264 priore
700 1184 729 1247 G
759 1183 807 1248 ‘he
835 1184 916 1266 hcu’,
944 1185 1084 1265 O‘heu’‚
1113 1204 1207 1281 uersu
1238 1187 1339 1251 altero

204 1294 235 1358 0
257 1294 337 1360 ‘heu'
360 1294 521 1376 praebent.
566 1294 661 1358 ualde
693 1300 798 1359 autem
828 1295 937 1359 dubito
967 1313 1041 1360 num
1070 1295 1171 1361 forma
1196 1295 1337 1361 ‘heuheu'

203 1407 333 1487 antiqua
354 1408 411 1488 sit3
443 1404 481 1471 ci.
505 1405 741 1486 Peerlkampius
769 1406 809 1469 ad
838 1405 913 1470 Hor.
937 1408 988 1471 od.
1015 1406 1104 1486 115,
1130 1407 1158 1486 9.
1204 1412 1338 1488 utroque

202 1535 296 1582 uersu
316 1518 393 1598 ipsis
416 1515 574 1598 codicibus
597 1515 728 1580 ducibus
752 1515 848 1580 ‘eheu'
871 1518 1101 1582 restituendum
1125 1526 1180 1582 est.

289 1625 476 1691 LXXXXVI
489 1649 495 1690 :

229 1769 234 1778 '
342 1777 371 1830 Si
390 1777 533 1845 quicquam
551 1777 648 1830 muteis
665 1783 773 1844 gratum
791 1783 967 1846 acceptumue
982 1779 1116 1847 sepulcris

410 1870 533 1926 accidere
552 1885 570 1923 a
588 1877 689 1937 nostro,
709 1869 800 1937 Calue,
820 1870 913 1925 dolore
931 1879 1030 1940 potest,

337 1979 392 2031 quo
412 1964 550 2018 desiderio
569 1969 677 2018 ueteres
694 1977 856 2018 renouamns
874 1980 989 2020 amores.

200 2123 262 2169 non
284 2121 355 2167 esse
377 2101 509 2166 latinum
530 2101 608 2166 iilud
633 2104 662 2166 ‘a
681 2106 788 2167 nostro
812 2102 918 2166 dolore
941 2121 1002 2183 quo
1015 2103 1191 2184 desiderio'⁷
1216 2106 1334 2171 dudum

200 2214 356 2280 intellexit.
385 2212 543 2276 Guarinus
570 2211 795 2293 proposuitque
833 2216 935 2292 ‘quom
967 2212 1042 2276 des?
1080 2213 1181 2278 lenius
1209 2216 1337 2281 uidetur

204 2325 338 2406 uestigio
359 2323 431 2388 libri
458 2319 496 2402 0,
529 2323 583 2404 qui
604 2341 661 2403 pro
686 2322 766 2403 ‘quo'
789 2323 888 2386 tradit
910 2322 999 2404 ‘que',
1029 2322 1075 2386 ita
1098 2325 1143 2387 uti
1168 2329 1204 2388 ut
1222 2326 1335 2390 redda-

200 2443 253 2501 tur
278 2419 390 2518 poetae
417 2433 498 2515 ‘quei
521 2433 678 2498 desiderio
700 2437 824 2497 ueteres
840 2451 1027 2498 renouamus
1050 2435 1190 2500 amores’.

288 2544 373 2610 CXI:

440 2670 576 2739 Aufilena‚
595 2671 657 2725 uiro
675 2677 830 2726 contentam
848 2670 942 2727 uiuere
960 2671 1030 2738 solo,

509 2769 656 2833 nuptarum
673 2764 732 2819 laus
752 2780 766 2818 e
784 2765 911 2820 laudibus
929 2763 1044 2819 eximiis.

176 2898 249 2975 ,ita
271 2897 432 2979 rescripsit
454 2895 593 2976 Scaliger
619 2914 676 2976 pro
707 2913 743 2959 eo
765 2894 850 2975 quod
877 2895 909 2959 in
948 2892 980 2956 V
998 2895 1149 2960 traditum
1180 2900 1227 2960 est
1257 2894 1334 2959 ‘iaus

203 3007 271 3072 est'.
317 3025 411 3088 aegre
432 3011 537 3070 autem
569 3005 600 3068 in
630 3004 690 3068 hac
719 3005 934 3070 enuntiatione
958 3006 1023 3071 ‘est’
1047 3008 1159 3071 uocula
1181 3021 1330 3071 caremus.

100 3149 105 3162 ⁴
199 3117 372 3184 mutatione
403 3115 470 3180 iere
500 3115 585 3179 nulla
614 3114 746 3178 restitue
769 3117 945 3195 ‘nuptarum
975 3115 1043 3180 iaus
1073 3096 1124 3181 est¹
1150 3115 1296 3182 laudibus
1312 3138 1334 3180 e

286 3354 386 3421 CXII:

305 3482 409 3536 Multus
426 3481 506 3536 homo
528 3495 567 3548 es,
585 3479 670 3549 Naso5
689 3496 778 3548 neque
795 3485 884 3535 tecum
901 3479 1002 3534 multus
1019 3479 1129 3535 homost
1147 3479 1193 3547 qui

377 3573 531 3630 descendit:
549 3573 633 3644 Naso,
651 3575 752 3629 multus
770 3589 799 3629 es
819 3581 846 3628 et
862 3573 999 3643 pathicus.

200 3707 277 3773 Oum
292 3725 355 3771 non
371 3712 465 3771 aueat
481 3706 601 3769 animus
618 3706 649 3769 in
666 3706 758 3770 huius
774 3703 898 3770 distichi
911 3703 1055 3769 sordibus
1072 3703 1190 3768 diutius
1207 3703 1332 3781 morari,

200 3819 355 3901 adponam
379 3817 457 3882 iliud
480 3817 695 3881 emendatum:
727 3816 871 3880 ‘mundus
899 3813 990 3878 horno
1022 3833 1071 3894 ee,
1103 3813 1202 3894 Naso,
1233 3831 1335 3893 neque

200 3935 303 3994 tecum
334 3929 467 3992 mundus
493 3926 616 3991 homost
645 3926 699 4005 qui
730 3931 762 3989 te
793 3924 924 3989 scindit:
954 3925 1055 4007 Naso,
1087 3925 1220 3989 muudus
1251 3942 1284 3988 es
1302 3927 1335 3988 et

200 4039 344 4123 pathicus
353 4038 370 4102 t’
392 4074 436 4086 -
459 4042 500 4104 ‘te
523 4036 646 4103 scindit’
674 4036 814 4118 Hauptio
844 4035 951 4101 debeo.

286 4149 404 4218 CXIII:
