3032 5078
712 467 751 526 75

267 637 380 702 pectora
416 673 636 686 ......
643 671 650 700 ,
685 632 819 700 ailingua
836 631 954 688 locutast

267 736 361 792 nescio
380 736 446 804 quid
463 735 584 804 fugiente
602 737 694 790 anima
710 752 765 790 non
787 743 893 804 sponte,
912 736 960 792 sed
977 737 1041 792 altis

267 845 424 908 expugnata
440 837 519 895 malis
539 840 603 895 odio
621 839 762 910 languoris
781 839 876 909 ntiqui,

268 944 290 998 si
308 957 383 997 mens
403 957 486 996 caeca
504 941 568 998 fuit:
587 943 685 997 iterum
705 942 804 997 sentire
823 940 915 998 ruinas

267 1047 349 1100 Troia
366 1059 438 1114 suas,
455 1045 553 1100 iterum
571 1050 684 1112 cogetur
702 1044 793 1099 sidere
810 1045 839 1098 in
856 1045 954 1114 ignes?

211 1198 215 1204 ,
265 1149 381 1204 insertur
401 1149 500 1219 Tyriae
518 1152 581 1216 post
599 1148 714 1202 uulnera
731 1147 828 1202 uulnus
845 1147 975 1204 Elissae?

267 1253 367 1308 sentiet
384 1252 530 1321 applicitos
546 1253 657 1308 turbata
678 1251 783 1321 Sibylla
800 1267 918 1319 uapores

266 1358 294 1410 et
309 1355 399 1410 iurata
412 1354 493 1429 ¹mori,
512 1369 546 1410 ne
564 1355 672 1423 cingula
687 1352 793 1420 reddat,
811 1353 954 1408 Amazoni

264 1463 320 1512 tarn
338 1472 445 1514 oacrum
462 1458 584 1514 soluetur
602 1457 693 1526 opus‘i
712 1462 754 1511 tot
773 1455 854 1525 bella,
875 1462 918 1512 tot
935 1470 1015 1512 enses

265 1561 294 1615 in
313 1561 430 1616 cinerem
449 1560 525 1615 dabit
543 1561 613 1615 hora
629 1574 730 1614 nocens
751 1566 778 1613 et
795 1557 917 1629 pertidus
936 1559 1035 1612 errori

267 1662 302 1731 di
320 1663 434 1718 meliora
453 1663 515 1718 date
533 1677 665 1718 accensu
686 1666 815 1717 reuocate
833 1666 973 1729 parentem

267 1766 345 1834 (pace
365 1766 418 1820 uiri
435 1765 518 1821 liceat
536 1766 622 1834 tenti),
640 1779 674 1819 ne
699 1764 838 1820 commoda
855 1763 966 1833 linguae

265 1869 357 1924 diuitis
377 1868 520 1936 intereant,
537 1884 587 1936 per
605 1883 686 1937 quam
703 1867 826 1922 Romana
842 1868 968 1922 iuuentus

159 2037 162 2042 .
267 1978 406 2025 aeternum
423 1970 521 2026 florere
539 1977 631 2041 potest
650 1986 795 2039 uerumque
813 1976 912 2025 tenere.

265 2074 320 2128 huc
338 2073 400 2144 huc,
418 2071 548 2143 Pierides,
567 2074 630 2129 date
648 2071 760 2128 flumina
778 2078 884 2143 cuncta,
902 2089 1028 2130 sorores:

265 2175 405 2244 exspirent
421 2176 509 2244 ignes,
528 2175 604 2230 uiuat
621 2176 699 2231 Maro
718 2177 804 2232 lectus
823 2177 937 2245 ubiquet

260 2277 438 2348 ingratusque
457 2278 509 2332 sibi
528 2277 733 2349 studiorumque
750 2279 859 2335 inuidos
876 2282 936 2335 orbi

155 2515 280 2572 amittant
303 2517 399 2585 arripe:
423 2517 567 2573 amittatit
587 2517 591 2587 Η
617 2517 750 2586 prementi
776 2520 886 2586 scripsi:
912 2518 1059 2587 superbum
1083 2518 1105 2570 Β
1130 2522 1296 2584 supremumt

155 2610 285 2666 Heinsius
305 2610 318 2679 ΗΗ
339 2613 372 2664 24
398 2611 452 2666 iam
483 2610 700 2679 Orrdsndorpios:
724 2610 752 2663 in
777 2611 801 2663 Β
828 2609 842 2680 ΗΗ
871 2614 906 2665 24
934 2615 960 2663 et
977 2613 1011 2664 25
1039 2611 1213 2680 cruciataque
1240 2625 1292 2678 pec

157 2701 187 2771 ΗΗΗΗ
208 2718 225 2756 a
244 2702 347 2758 frustra
363 2705 396 2773 P,
415 2707 485 2772 :prod
502 2705 627 2771 supptcci
647 2708 672 2756 ct
691 2706 856 2772 transposui.
875 2719 958 2772 porro
977 2703 1000 2756 P
1018 2705 1107 2757 addit:
1126 2702 1156 2758 id
1174 2703 1290 2758 cinerem

154 2793 227 2850 ierut
245 2811 295 2850 ora
311 2811 411 2852 nocens
430 2800 501 2866 quod
521 2801 610 2865 utpote
630 2813 643 2851 c
661 2814 688 2849 a.
701 2796 744 2850 34
754 2812 841 2865 proce
858 2800 992 2864 sumptum
1010 2798 1119 2850 deterri:
1139 2797 1168 2849 irs
1186 2798 1209 2849 Β
1226 2799 1293 2850 boec

156 2890 248 2941 omnio
266 2891 369 2942 descrit.
407 2890 421 2960 ΗΗ
441 2893 475 2944 25
493 2891 585 2946 locuta
608 2898 651 2946 est
668 2892 705 2944 B:
732 2891 847 2960 loquuta
866 2894 907 2944 est
927 2890 950 2941 P
970 2888 983 2958 ΗΗ
1003 2891 1037 2943 26
1060 2889 1180 2958 fugiente
1204 2890 1293 2944 anima

156 2982 177 3032 P
193 2982 230 3034 U:
249 2981 384 3037 titubante
403 2983 490 3038 animo
508 2985 531 3036 Β
548 2983 552 3053 Η
572 2992 600 3040 et
617 2985 717 3038 altisP
736 2985 749 3056 ΗΗ
770 2987 803 3038 27
821 2982 921 3051 iniquis
940 2983 964 3036 P
983 2982 996 3052 ΗΗ
1015 2985 1050 3036 28
1070 2987 1096 3035 ct
1113 2984 1148 3036 29
1166 2985 1292 3037 omittant

154 3074 213 3127 PU
230 3075 243 3144 Η
263 3077 296 3128 29
315 3075 402 3132 sidere
421 3077 450 3131 in
467 3077 545 3146 ignea
563 3080 679 3146 scripsi:
698 3077 812 3134 reddere
824 3091 908 3132 uoces
926 3076 949 3128 Β
966 3075 1080 3131 reddere
1093 3092 1197 3144 poenas
1214 3075 1289 3145 Hep-

154 3170 216 3220 aias
237 3168 250 3237 Η
270 3171 304 3222 30
322 3168 437 3225 infertur
460 3171 485 3222 U
491 3189 497 3222 ι
525 3170 633 3224 ardebit
650 3173 674 3225 Β
691 3172 782 3226 unitur
800 3171 831 3239 P,
849 3172 919 3224 :rods
937 3169 1067 3224 incutitur
1086 3171 1204 3224 conicias
1225 3168 1229 3238 Η
1248 3175 1289 3237 ty-

153 3259 210 3314 rrae
229 3260 253 3312 r
269 3261 350 3316 curse
371 3262 409 3316 u:
427 3263 541 3317 misceo
560 3265 584 3315 e
604 3264 608 3331 Η
628 3264 748 3319 heliseae
770 3265 795 3317 u
810 3263 909 3318 ariscio
926 3263 950 3315 u
969 3262 983 3330 Η
1002 3243 1034 3316 a1
1062 3262 1292 3317 resarcires

153 3352 168 3422 Η
188 3355 219 3406 31
246 3354 399 3424 applicatos
416 3355 441 3407 P
461 3354 465 3424 Η
485 3354 576 3410 sibilla
598 3358 620 3410 rt
640 3392 643 3425 ,
668 3372 785 3426 uapores
806 3358 842 3412 U:
872 3356 895 3426 ΗΗΗ
915 3371 980 3423 pore
998 3357 1022 3409 P
1046 3354 1058 3423 ΗΗ
1080 3358 1114 3409 32
1132 3372 1166 3414 ne
1184 3358 1289 3424 scripsi:

151 3462 202 3502 nec
234 3448 294 3501 PU
313 3447 316 3514 Η
337 3447 445 3516 singula
476 3447 502 3500 U
526 3448 530 3517 Η
556 3449 653 3504 reddet
679 3452 762 3518 culpo
800 3451 804 3519 Η
838 3466 936 3504 mazou
966 3451 1003 3516 U,
1034 3466 1101 3504 corr.
1129 3466 1213 3508 mortu
1238 3467 1290 3505 sec.

153 3541 165 3606 Η
195 3543 228 3595 33
256 3546 282 3594 ct
316 3543 351 3595 34
380 3544 506 3595 omittant
533 3544 595 3595 PU
623 3545 634 3614 Η
662 3545 696 3596 34
722 3544 750 3597 in
780 3545 897 3600 cinerem
924 3546 985 3598 dedi
1010 3559 1042 3597 sc
1073 3545 1093 3595 P
1121 3545 1169 3612 (cs.
1201 3546 1236 3596 od
1261 3563 1289 3598 a.

150 3631 220 3703 23).·
246 3633 273 3686 in
302 3633 406 3689 cineres
430 3635 478 3702 ΒΗ
501 3636 570 3692 bora
593 3640 689 3706 oripo:
717 3653 767 3692 ora
790 3639 845 3691 ΒΡ
868 3655 904 3690 so
934 3637 1030 3704 irriti
1057 3638 1160 3692 trs-39
1191 3639 1291 3692 omittit

150 3725 173 3776 Β
192 3724 205 3794 ΗΗ
229 3726 262 3778 35
281 3724 318 3781 dii
341 3727 365 3778 U
371 3746 376 3780 :
396 3744 446 3781 om.
467 3730 490 3782 P
509 3729 513 3796 Η
534 3745 614 3785 sensu
632 3738 823 3800 -parentem
845 3733 882 3786 P:
909 3747 1016 3786 sensum
1044 3761 1078 3770 -
1103 3736 1244 3785 nocentem
1267 3731 1293 3784 U

153 3819 164 3884 ΗΗ
184 3819 219 3872 36
242 3833 277 3872 ne
302 3823 415 3888 scripsi:
459 3836 510 3876 nec
537 3823 597 3876 PU
617 3824 627 3890 Η
655 3825 689 3877 37
715 3824 813 3880 diuites
838 3829 864 3878 ct
887 3825 999 3879 iuuenta
1024 3826 1047 3877 P
1067 3827 1078 3891 ΗΗ
1099 3824 1132 3878 38
1150 3831 1288 3878 aeternam

149 3912 172 3963 P
193 3913 196 3978 Η
216 3910 305 3966 forero
328 3914 354 3966 U
371 3912 374 3976 Η
394 3930 542 3983 uerumque
560 3922 653 3972 tenere
671 3919 783 3985 scripsi:
810 3930 904 3972 uerum
929 3916 1001 3985 quod
1025 3917 1141 3973 iusserat
1159 3917 1204 3972 ille
1222 3919 1290 3985 PU,

149 4006 197 4072 poi
221 4023 266 4057 uu.
287 4007 389 4072 39-42
414 4021 515 4060 nocens
538 4012 664 4062 omitt-urst
691 4010 702 4078 ΗΗ
730 4013 765 4064 40
790 4009 931 4079 exspirent
958 4013 1013 4066 cod.
1032 4011 1242 4064 Doroiitiorras:
1261 4018 1288 4066 et

148 4097 254 4165 spirent
270 4099 294 4151 Β
313 4098 317 4166 Η
337 4099 425 4154 lectus
442 4103 553 4168 scripsi:
581 4101 678 4156 ductus
695 4103 718 4155 Β
738 4103 750 4171 ΗΗ
770 4105 802 4156 41
820 4103 872 4158 eibi
885 4105 997 4170 scripsi:
1016 4104 1057 4158 sui
1072 4102 1096 4155 Β
1115 4105 1127 4172 ΗΗ
1147 4105 1181 4157 43
1202 4104 1239 4160 sit
1251 4103 1277 4158 v
1284 4124 1290 4159 :

149 4191 173 4244 ⁸i
185 4191 239 4243 ΒΡ
251 4192 254 4258 Η
266 4192 385 4247 uetuisse
399 4205 488 4247 meum
497 4193 521 4245 Β
531 4192 557 4245 U
560 4212 566 4246 ι
586 4195 733 4250 uetuissem
746 4196 802 4252 ista
818 4196 842 4248 P
862 4195 865 4262 Η
885 4211 962 4251 sacer
972 4201 1014 4251 est
1026 4200 1092 4264 port
1105 4198 1202 4266 smtpo:
1220 4199 1288 4254 satis

151 4291 194 4340 est
210 4287 276 4352 post
293 4286 316 4338 Β
336 4300 397 4340 nam
414 4292 480 4355 port
497 4301 547 4341 soa
564 4287 646 4353 Pili
667 4303 694 4342 u.
713 4290 748 4343 44
768 4303 801 4344 ss
818 4289 842 4346 Β
859 4291 934 4347 dodi:
961 4305 1015 4347 non
1038 4293 1129 4346 taceat
1146 4289 1226 4347 immo
1244 4305 1289 4346 so·
