3032 5078
747 413 788 475 54

197 599 235 646 ex
272 581 301 644 0
336 582 462 662 reposui
497 579 685 663 ‘leuiterque
719 580 854 659 sonant’,
888 599 957 645 cum
993 580 1024 645 G
1058 580 1182 646 ‘leniter
1214 582 1336 647 sonant'

199 692 359 773 praebeat.
406 698 490 757 recte
512 693 573 756 iam
591 691 855 767 Mitscberlichius
878 691 1010 758 contulit
1035 689 1182 756 Senecam
1208 691 1331 775 [Agam.

198 800 275 885 681]
303 799 412 883 ‘Geysa
426 820 516 867 suum
538 799 634 866 fluctu
657 802 770 867 leuiter
784 802 953 883 plangente
973 801 1103 866 sonent’.
1127 837 1167 848 -
1191 802 1223 864 in
1240 820 1335 868 uersu

198 915 260 975 275
284 909 410 976 Mureto
440 913 572 993 aliisque
601 909 763 977 offensioni
792 911 853 976 fuit
875 912 951 976 illud
985 911 1124 976 mantes.
1170 917 1335 994 postquam

198 1023 280 1087 enim
303 1024 365 1087 iam
390 1024 420 1087 in
437 1042 530 1088 uersu
552 1023 712 1104 superiore
728 1022 832 1087 undae
854 1025 953 1102 magis
969 1023 1130 1104 magisque
1144 1022 1336 1088 increbuisse

198 1133 301 1198 diotae
325 1138 406 1210 sunt,
431 1135 576 1213 eaedem,
601 1133 717 1216 quippe
740 1151 820 1214 quae
843 1151 967 1215 semper
990 1132 1041 1197 uel
1063 1134 1143 1197 mari
1166 1134 1336 1215 tranquillo

196 1241 337 1321 fluitent,
371 1263 464 1326 quam
487 1244 636 1326 languide
659 1244 710 1308 hic
733 1243 863 1308 ‘nantes'
886 1248 1037 1309 nocentur
1060 1244 1113 1308 uix
1135 1249 1240 1325 potest
1263 1245 1334 1308 dici.

196 1354 251 1419 sed
275 1355 413 1418 uirorum
436 1360 598 1420 doctorum
625 1354 788 1419 conamina
812 1360 980 1435 propterea
1003 1372 1022 1417 a
1043 1371 1136 1434 scopo
1165 1353 1333 1420 aberraue·

199 1471 272 1528 runt
295 1465 378 1546 quod
402 1465 442 1528 ad
465 1464 496 1529 id
521 1465 603 1545 qnod
632 1464 788 1528 sententia
818 1466 994 1529 necessario
1016 1464 1150 1545 requirit
1171 1482 1233 1527 non
1256 1465 1333 1528 satis

200 1574 499 1639 animaduerterunt.
545 1575 692 1648 nimirum
722 1575 776 1656 qui
809 1575 901 1639 modo
933 1594 962 1638 ιι.
985 1579 1044 1638 271
1077 1574 1230 1637 Auroram
1262 1573 1336 1638 solis

116 1667 120 1676 “
200 1684 420 1764 praenuntiam
443 1685 593 1766 legimus,
626 1703 694 1749 cum
724 1684 776 1750 hic
797 1685 846 1750 ‘ab
868 1684 946 1750 luce’
976 1685 1072 1768 (quod
1095 1685 1155 1749 nisi
1178 1685 1218 1749 ad
1240 1684 1335 1748 solem

198 1794 300 1874 ipsum
323 1813 383 1858 non
406 1799 510 1878 potest
532 1794 657 1876 referri)
681 1795 959 1878 deprehendamus
984 1795 1067 1858 unde
1080 1799 1143 1858 tam
1166 1794 1269 1859 subito
1291 1794 1337 1858 sol

203 1905 387 1986 apparuerit
421 1912 528 1970 nostro
559 1905 626 1970 iure
656 1907 814 1972 miramur.
859 1905 931 1970 hino
953 1909 1058 1970 autem
1079 1905 1138 1970 loci
1159 1905 1336 1970 emendatio

202 2015 339 2096 petenda
362 2020 439 2079 erat.
484 2017 635 2102 rescribo:
660 2019 889 2098 ‘purpureaque
903 2016 1011 2097 procul
1034 2019 1184 2080 irascente
1206 2015 1245 2080 ab
1268 2015 1336 2080 luce

199 2124 398 2212 refulgent'„
421 2133 506 2191 recte
536 2131 640 2190 autem
666 2127 785 2192 Phoebi
812 2126 968 2191 nascentis
999 2125 1049 2209 [cf.
1080 2126 1262 2191 Lactantius
1297 2125 1337 2190 de

203 2253 262 2299 aue
280 2235 436 2300 Phoenice
459 2253 488 2299 n.
513 2237 568 2320 41]
590 2237 645 2301 lux
667 2239 782 2302 dicitur
806 2237 1000 2320 ‘purpurea’3
1034 2235 1071 2301 cl.
1095 2255 1133 2300 ex
1155 2255 1200 2316 gr.
1225 2237 1337 2302 Neme·
1366 2323 1369 2330 ,

193 2333 314 2411 'sianns
335 2345 404 2429 [ecl.
427 2345 537 2430 1175]
568 2347 715 2412 ‘nondum
735 2347 909 2430 purpureos
939 2347 1083 2412 Phoebus
1114 2366 1181 2413 cnm
1212 2347 1338 2411 tolleret

207 2461 295 2520 ortus
316 2475 373 2522 nee
389 2444 555 2521 tremulum
578 2458 706 2539 liquidis
729 2459 833 2523 lumen
851 2459 1029 2541 splenderet
1046 2459 1078 2522 in
1094 2459 1204 2523 undis’.
1229 2475 1336 2538 quem-

205 2586 298 2648 qnam
314 2567 409 2632 habet
424 2586 485 2649 quo
502 2586 535 2632 se
551 2569 744 2633 commendet
759 2569 911 2650 Lennepii
935 2570 1111 2634 coniectura
1136 2569 1335 2650 ‘purpureae-

207 2677 287 2758 que'.
311 2715 351 2724 —
376 2695 478 2759 neque
501 2684 603 2742 tamen
628 2677 686 2744 hoc
709 2678 809 2743 solum
831 2680 914 2760 quod
937 2680 1028 2744 modo
1043 2677 1224 2760 profligasse
1246 2678 1335 2743 nobis

207 2788 350 2853 uidemur
374 2789 484 2852 uitium
508 2807 616 2854 uersus
640 2807 735 2882 supra
759 2790 889 2871 exeripti
912 2795 1142 2854 contraxerunt.
1189 2807 1260 2852 nam
1283 2806 1335 2853 ne-

201 2917 262 2979 que
281 2917 375 2980 quam
398 2917 505 2964 sanam
529 2899 817 2982 interpretationem
842 2900 961 2965 tradita
978 2899 1071 2964 lectio
1090 2899 1256 2964 ‘uestibuli’
1279 2897 1335 2963 ha·

201 3007 275 3072 beat
311 3027 411 3090 neque
440 3009 515 3090 qnid
549 3007 714 3075 Schraderi
750 3010 929 3076 coniectura
969 3009 1142 3074 ‘uestibulo'
1180 3009 1336 3074 lucremur

202 3119 366 3200 perspicio.
412 3125 460 3183 est
474 3125 578 3183 entem
597 3119 838 3201 comparationis
854 3138 973 3184 summa
996 3119 1088 3185 haec:
1112 3127 1148 3185 ut
1163 3138 1250 3184 mare
1267 3120 1335 3185 luce

203 3245 287 3291 noua
309 3227 460 3308 paulatim
490 3229 625 3309 insurgit
657 3235 688 3293 et
717 3231 815 3310 magis
850 3231 1011 3312 magisque
1040 3231 1143 3295 uentis
1173 3231 1333 3309 incitatur,

206 3341 255 3432 lta.
272 3339 324 3421 qni
346 3344 412 3403 tum
444 3341 475 3403 ln
508 3341 595 3420 regia
616 3341 731 3404 adsunt
752 3339 932 3405 Thessaliae
955 3341 1091 3419 incolae,
1122 3342 1176 3406 ubi
1199 3341 1267 3406 deis
1288 3340 1334 3405 ln·

202 3467 271 3512 cum
293 3449 369 3526 dare
392 3450 524 3528 debent,
548 3451 639 3515 celeri
664 3452 764 3531 gradu
788 3451 828 3514 ad
852 3451 935 3516 fores
957 3455 1128 3533 properant
1150 3451 1332 3532 exitumque

201 3565 373 3640 quaerunt3
404 3578 465 3640 quo
487 3560 593 3642 plures
618 3569 723 3626 autem
746 3560 1009 3642 insequebantur,
1041 3580 1078 3624 eo
1099 3562 1198 3634 magis
1219 3563 1334 3642 primo·

200 3671 287 3734 ribus
310 3672 390 3751 pede
413 3673 509 3735 citato
534 3678 601 3736 erat
625 3673 813 3737 abeundum.
859 3671 952 3736 talem
976 3677 1081 3736 autem
1099 3671 1249 3748 uoculam,
1273 3688 1336 3752 qua

202 3782 413 3846 multitudinis
436 3782 611 3847 concitatae
633 3800 851 3865 properosque
873 3800 941 3846 cnm
972 3783 1068 3846 maris
1090 3783 1182 3847 undis
1206 3781 1335 3846 tumidis

200 3891 371 3956 similitudo
394 3891 529 3970 eluceat,
562 3893 648 3957 nullo
672 3893 763 3956 modo
786 3893 930 3955 omittere
951 3894 1055 3973 potuit
1077 3891 1235 3971 Catullus,
1266 3909 1335 3956 cum

200 4001 336 4081 alioquin
362 4019 422 4065 non
447 4007 509 4065 stet
531 4003 644 4084 imago.
690 4003 763 4067 hinc
785 4020 874 4066 sunm
898 4003 1031 4068 restituo
1046 4000 1188 4066 Catullo:
1215 4003 1270 4068 ‘sic
1291 4001 1334 4066 ibi

196 4109 311 4193 festini
333 4111 502 4193 linquentis
525 4113 612 4194 regia
635 4113 737 4178 tecta’.
