3032 5078
738 468 776 526 77

191 636 279 700 torla.
326 634 373 698 Ad
398 632 539 697 Puellam
562 633 602 697 de
624 633 719 710 mue,
742 621 825 714 quod
855 634 886 697 in
912 633 1005 698 Anth.
1037 633 1091 699 lat.
1116 638 1177 698 706
1197 633 1322 714 legItur.

193 785 232 794 -
256 747 287 810 in
326 747 435 809 eodem
468 743 674 807 Riccardiano
701 749 772 823 post
804 741 961 806 Martialis
992 745 1146 824 quaedam
1184 745 1324 808 carmina

193 855 251 941 [XI
276 854 329 939 18]
352 856 485 920 ‘donasti
509 854 596 934 Lupe
619 871 672 917 rus
695 853 751 918 sub
775 853 849 917 orbe
880 853 979 916 nobIs'
1002 852 1092 936 [VIII
1115 853 1169 937 21]
1194 855 1242 918 ‘ad
1267 853 1324 919 Ce-
1354 849 1355 856 '

192 985 293 1030 sarem
316 967 545 1030 Domitianum:
575 965 602 1028 si
630 965 704 1044 quid
736 963 817 1028 forte
849 963 983 1044 petam',¹
999 962 1088 1047 [VIII
1108 963 1160 1048 12]
1184 967 1323 1030 ‘uxorem

191 1095 290 1157 quare
313 1069 510 1157 locupletem’
531 1074 562 1138 hi
586 1075 790 1139 inueniuntur
813 1073 974 1138 uersiculi:
1133 1065 1137 1074 ’

658 1346 864 1410 Lucretia.

329 1520 427 1590 Dicite,
447 1537 508 1576 cum
526 1521 623 1578 melius
642 1522 740 1577 cadere
758 1530 821 1577 ante
839 1521 969 1578 Lucretia
985 1528 1088 1591 posset,

401 1629 449 1668 cur
467 1615 558 1684 potius
575 1621 641 1688 post
659 1615 713 1670 uim
730 1614 824 1670 maluit
841 1613 889 1668 illa
904 1615 994 1670 mori?

332 1709 444 1762 crimine
462 1722 490 1762 se
508 1707 629 1762 absoluit
645 1724 739 1763 manus
757 1707 806 1763 illa
823 1708 954 1763 habitura
972 1713 1082 1764 coactae

399 1800 516 1855 ultorem
534 1798 684 1869 et'patriae
702 1801 861 1869 depositura
879 1801 979 1870 iugum.

329 1910 410 1962 quam
429 1893 498 1958 bene
516 1899 670 1962 contempto
689 1894 791 1949 lacerat
808 1909 858 1950 sua
875 1901 988 1963 pectora
1005 1892 1088 1962 ferro,
1151 1882 1153 1886 ¹
1307 1899 1323 1951 5

401 1986 464 2042 dum
482 1986 586 2055 pariter
602 1985 691 2041 famae
709 1986 823 2042 consulit
841 1995 868 2042 et
885 1987 1003 2056 patriae!

192 2162 221 2207 u.
247 2146 267 2207 4
289 2141 464 2207 ‘uultorem’
495 2148 527 2206 et
546 2161 574 2206 u.
600 2147 617 2206 5
642 2144 828 2224 ‘contempto
856 2161 945 2230 sacra
967 2143 1033 2208 sua’
1054 2145 1205 2227 scriptum
1228 2150 1323 2208 extat.

194 2289 233 2342 T·
255 2253 304 2318 his
333 2252 454 2317 duobus
481 2237 641 2317 anecdotis
671 2254 804 2319 adiciam
836 2255 980 2332 tertium,
1012 2255 1095 2335 quod
1124 2261 1233 2336 utpote
1255 2255 1324 2319 uni-

191 2382 261 2429 cum
289 2364 486 2428 celeusmatis
516 2364 637 2444 antiqui
667 2365 841 2444 exemplum
872 2365 1049 2444 cognitione
1088 2365 1255 2429 admodum
1278 2364 1325 2428 di-

194 2491 288 2555 gnum
312 2482 369 2537 est.
416 2490 454 2537 ex
486 2474 592 2548 codice
615 2473 805 2536 Santoniano
827 2492 955 2554 gramm.
986 2473 1041 2538 lat.
1073 2492 1154 2540 saec.
1178 2473 1254 2538 VIII
1274 2474 1325 2540 uel

195 2583 283 2648 VIIII
305 2583 390 2666 [mss.
411 2583 496 2647 Diez.
520 2583 556 2646 B.
581 2582 636 2666 66]
664 2600 735 2665 pag.
760 2584 822 2647 279
843 2583 1019 2666 (praecedit
1048 2602 1139 2666 pagg.
1164 2589 1237 2664 277,
1262 2589 1324 2648 278

194 2693 377 2759 Columbani
407 2695 447 2757 ad
481 2693 633 2758 Fidulium
665 2692 813 2776 epistula)
836 2692 1026 2775 descriptum
1048 2701 1081 2759 ct
1103 2695 1185 2759 inter
1208 2693 1324 2759 descri-

194 2803 331 2867 bendum
354 2803 412 2868 'hic
445 2804 510 2870 illio
546 2810 718 2868 correctum
755 2801 924 2882 aquuando
955 2801 1031 2868 mihi
1058 2803 1140 2868 dono
1172 2804 1258 2868 mIsit
1288 2801 1323 2868 L.

192 2912 374 2977 Muellerus.

329 3081 409 3149 Heia,
428 3081 489 3148 uiri,
507 3087 629 3136 nostrum
647 3083 764 3137 reboans
782 3083 851 3138 echo
869 3090 947 3139 sonet
964 3082 1043 3138 heIal

398 3172 502 3228 arbiter
520 3173 598 3226 effusi
615 3173 670 3229 late
687 3176 771 3230 maris
789 3191 837 3231 ore
857 3190 955 3232 sereno

398 3265 536 3332 placatum
555 3265 652 3320 strauit
668 3267 783 3336 pelagus
799 3269 945 3337 posuitque
962 3268 1110 3338 procellam

397 3355 561 3424 edomitiqua
579 3370 650 3425 uago
669 3359 799 3414 sederunt
817 3360 940 3430 pondere
959 3361 1066 3415 fluctus.

329 3449 401 3519 heia,
421 3449 482 3518 uiri,
499 3453 621 3504 nostrum
638 3451 755 3506 reboans
774 3453 842 3508 echo
859 3459 939 3508 sonet
957 3454 1033 3509 halal

398 3541 495 3596 annisu
512 3543 593 3611 parili
610 3548 708 3599 tremat
723 3545 823 3600 ictibus
841 3552 904 3602 acta
923 3546 1023 3601 carina.

398 3651 471 3689 nunc
489 3637 567 3694 dabit
585 3636 708 3692 arridens
729 3637 828 3707 pelago
847 3639 996 3694 concordia
1015 3638 1084 3692 caeli

398 3732 540 3783 uentorum
558 3736 632 3784 motu
649 3730 812 3799 praegnanti
831 3747 940 3787 currere
958 3731 1027 3786 uelo.

331 3819 402 3889 heia,
420 3821 482 3886 uiri,
499 3826 623 3875 nostrum
640 3822 756 3878 reboans
773 3824 841 3879 echo
861 3831 939 3878 sonet
956 3824 1033 3879 heiat
1101 3869 1104 3874 .

322 3909 326 3913 ’
400 3927 519 3980 aequora
536 3929 620 3981 prora
637 3921 711 3969 secet
729 3915 837 3971 delfinIa
856 3916 963 3972 aemula
979 3917 1051 3971 saltu

400 4011 482 4074 atque
500 4013 591 4073 gemat
607 4007 711 4076 largum
729 4017 835 4077 promat
852 4025 966 4078 seseque
984 4009 1103 4077 lacertis,

399 4114 470 4168 pone
488 4100 599 4154 trahem
618 4114 713 4155 canum
731 4102 847 4158 deducat
864 4108 891 4156 et
909 4103 1000 4158 orbita
1017 4102 1127 4157 sulcum.
1167 4171 1170 4177 Ι

330 4193 400 4260 heia,
419 4192 480 4260 uiri,
498 4171 623 4247 no'strum
640 4195 757 4250 reboans
775 4195 841 4251 echo
861 4203 940 4251 sonet
957 4198 1033 4252 heial

401 4300 519 4353 aequore
538 4285 586 4340 flet
604 4287 705 4342 Corus:
724 4293 874 4342 vocitemus
891 4304 942 4345 noa
960 4297 1050 4346 tamen
1070 4289 1141 4344 heIa.
