3032 5078
730 475 748 534 5

338 642 434 696 uotiua
450 645 545 709 pateat
562 640 645 696 ueluti
664 640 801 708 descripta
817 640 920 697 tabella

338 734 397 788 uita
414 732 495 801 senis,

173 863 299 941 codem,
331 862 474 943 inquam,
505 862 609 928 animo
632 880 701 927 cum
725 858 866 927 Catullus
888 879 993 926 omnes
1015 863 1102 927 uitae
1125 878 1215 927 casus
1238 878 1306 925 car-

172 973 309 1038 minibus
326 974 477 1051 crederet,
503 991 576 1036 num
590 972 739 1039 credibile
762 979 809 1038 est
833 991 902 1038 eum
920 976 1009 1036 tanto
1026 989 1132 1037 amore
1154 977 1305 1052 quantum

172 1102 197 1149 c.
221 1081 353 1147 LXVIII
391 1100 468 1164 prae
490 1100 524 1147 se
547 1080 609 1148 fert
630 1083 794 1172 adamasse
816 1082 952 1165 puellam
976 1083 1191 1164 nescioquam,
1216 1082 1305 1146 cuius

171 1210 254 1258 nunc
269 1192 394 1272 quidem
412 1192 528 1257 nullam
551 1193 583 1257 in
598 1193 682 1258 illius
698 1194 850 1275 poematis
871 1194 1193 1259 commemorationem
1217 1193 1303 1257 inue-

172 1304 320 1370 niamus?
343 1301 421 1366 nihil
444 1303 526 1368 enim
541 1303 706 1386 proierunt
728 1305 781 1384 qui
803 1302 917 1368 librum
932 1300 1143 1368 catullianum
1160 1320 1302 1368 mancum

172 1420 267 1496 atque
296 1415 477 1478 lacunosum
505 1414 545 1478 ad
574 1432 630 1479 nos
659 1413 840 1496 peruenisse
869 1413 1076 1493 contendunt,
1109 1414 1225 1496 quippe
1250 1413 1305 1494 qui

172 1528 263 1592 unius
284 1522 336 1590 uel
359 1524 490 1588 duorum
513 1521 658 1589 foliorum
682 1525 712 1589 in
737 1522 905 1606 archetypo
928 1521 1103 1588 Ueronensi
1127 1523 1237 1589 fecerit
1259 1524 1305 1589 ia-

172 1643 301 1703 cturam.
347 1652 448 1715 neque
476 1635 576 1714 magis
604 1634 687 1716 apud
718 1651 767 1698 me
797 1633 883 1698 ualet
912 1650 1019 1698 eorum
1048 1635 1207 1700 sententia
1236 1636 1300 1716 qui,

171 1748 247 1828 quia
267 1745 400 1810 Ouidius
421 1744 516 1828 [trist.
534 1743 710 1827 11429sq.]
732 1745 812 1807 dixit
833 1747 899 1808 ‘nec
917 1748 1081 1808 contentus
1104 1763 1142 1810 ea
1161 1745 1304 1828 (Lesbia)

172 1857 287 1922 multos
309 1854 453 1936 uulgauit
476 1873 612 1935 emoneo,
636 1855 667 1919 in
691 1853 803 1934 quibus
825 1853 893 1936 ipse
915 1872 1004 1918 suum
1028 1853 1130 1919 iassns
1153 1856 1303 1921 adulteri·

171 1966 278 2045 umst',
310 1964 426 2031 idcirco
458 1964 508 2028 uel
541 1965 700 2046 complura
735 1963 873 2028 carmina
903 1965 1056 2029 amatoria
1085 1965 1216 2046 periisse
1252 1966 1304 2030 uel

171 2095 196 2141 c.
213 2075 361 2166 nxvsslb
386 2075 425 2138 ad
444 2075 537 2139 aliam
553 2075 710 2155 quandam
726 2073 887 2138 mulierem
904 2073 1102 2138 referendum
1116 2093 1184 2140 esse
1202 2077 1300 2141 aiunt.

170 2186 302 2259 Ouidius
329 2185 410 2249 enim
432 2203 489 2266 pro
512 2185 571 2260 loci
586 2189 771 2265 argumento
794 2189 859 2248 tres
875 2187 1065 2265 quattuorue
1079 2183 1196 2250 Catulli
1216 2203 1301 2250 arno-

169 2314 220 2361 res
243 2295 349 2360 dicere
370 2296 474 2376 potuit
498 2295 640 2360 ‘multost
686 2295 799 2359 scimus
829 2299 934 2358 autem
967 2311 1004 2358 ex
1035 2294 1102 2375 ipso
1125 2293 1240 2361 catulli
1263 2296 1303 2360 li·

169 2408 236 2485 bro,
260 2423 330 2470 eum
354 2409 386 2469 et
409 2403 575 2486 Ipsitillam
597 2411 629 2469 et
652 2402 826 2469 Aufilenam
849 2409 881 2467 et
905 2407 1073 2468 Ameanam
1095 2422 1152 2486 per
1174 2405 1301 2489 aliquod

171 2522 293 2597 tempus
316 2516 347 2579 in
369 2514 489 2580 deliciis
511 2513 671 2579 habuisse:
699 2513 753 2578 sed
777 2519 867 2578 erant
890 2531 947 2577 eae
969 2514 1187 2580 meretriculae
1208 2516 1301 2581 leuis-

171 2626 277 2704 simae‚
300 2625 354 2689 sed
376 2625 473 2690 solam
494 2625 655 2690 libidinem
670 2622 813 2706 explendi
832 2640 927 2687 causa
948 2640 1013 2686 rem
1036 2641 1105 2688 cum
1128 2625 1173 2688 eis
1193 2623 1304 2692 habuit

153 2740 267 2826 'poeta
290 2735 349 2816 (ita
378 2735 460 2799 enim
485 2734 694 2815 intellegenda
723 2740 771 2797 est
802 2751 863 2797 uox
893 2731 1050 2798 Ouidiana
1075 2734 1302 2818 ‘adulterium’3

171 2843 208 2911 ci.
231 2843 307 2910 Hor.
330 2845 380 2910 od.
404 2843 490 2925 133,
515 2849 551 2928 93
576 2848 683 2924 36,19
707 2843 791 2926 alia).
837 2844 900 2908 iarn
924 2842 997 2908 mihi
1020 2844 1108 2925 legas
1129 2863 1239 2911 uersus
1261 2847 1300 2912 ad

169 2954 369 3020 mulierculas
391 2957 468 3020 istas
485 2956 592 3020 datos:
617 2954 787 3037 perspicies
809 2952 950 3036 profecto
972 2972 1065 3035 quam
1082 2954 1175 3036 plane
1198 2959 1301 3023 diuer-

169 3084 237 3130 sum
258 3082 394 3129 amorem
411 3067 532 3146 spirent
552 3066 592 3130 ab
614 3084 651 3130 eo
672 3083 764 3147 quom
786 3064 827 3129 ad
846 3063 990 3130 Lesbiam
1013 3066 1107 3131 missi.
1153 3069 1300 3132 nimirum

168 3176 283 3241 Lesbia
306 3180 375 3241 erat
397 3177 489 3241 unica
517 3174 632 3240 femina
655 3193 748 3257 quam
770 3176 889 3240 sincere
912 3181 944 3239 et
967 3177 1129 3242 exanimo
1153 3178 1299 3244 dilexerit

169 3286 327 3353 Catullus:
351 3287 383 3350 in
406 3285 464 3352 hac
485 3304 546 3351 non
569 3285 669 3351 solum
691 3279 822 3351 iormam
843 3287 990 3366 corporis,
1015 3287 1069 3352 sed
1090 3288 1185 3354 etiam
1202 3289 1299 3354 animi

168 3398 348 3479 ingeniique
368 3397 450 3463 bona
465 3397 638 3463 admiuatus
661 3403 717 3462 est.
762 3397 844 3478 quod
866 3396 933 3477 ipse
950 3396 1093 3462 uersibus
1108 3400 1302 3465 suauissimis

169 3509 324 3590 expressit
346 3507 384 3592 [c.
407 3505 555 3592 LXXH]:

376 3649 487 3705 dicebas
505 3651 642 3720 quondam
661 3651 748 3704 solum
765 3658 793 3704 te
812 3664 893 3704 nosse
912 3650 1055 3719 Catullum,

446 3743 556 3810 Lesbia,
573 3759 624 3798 uec
641 3757 708 3812 prae
726 3759 768 3798 me
786 3743 858 3799 uelle
877 3750 970 3800 tenere
987 3745 1093 3800 Iouem.

376 3837 458 3892 dilexi
477 3844 532 3897 tum
549 3842 577 3892 te
593 3853 647 3892 nou
665 3841 770 3916 mutum
790 3843 821 3892 ut
839 3839 937 3907 uulgus
957 3839 1078 3905 amicam,

443 3930 492 3985 sed
509 3936 636 4000 poterut
653 3935 752 3999 gnatos
771 3931 860 4000 diligit
878 3937 906 3986 et
923 3946 1046 4000 generos.

167 4058 340 4140 dequibus
363 4060 522 4140 uersibus,
550 4079 627 4142 quos
649 4080 707 4126 non
731 4061 956 4126 intellexerunt
977 4061 1134 4125 Kroonius
1156 4060 1199 4144 [p.
1226 4062 1300 4145 125]

166 4175 198 4232 et
220 4169 344 4235 Ricsius
366 4171 409 4255 [p.
428 4169 513 4255 753]‚
536 4177 620 4237 recte
643 4172 796 4238 iudicauit
818 4170 1031 4252 Westplralius
1056 4171 1098 4255 [p.
1121 4170 1204 4255 115}
1241 4173 1299 4235 ita-

166 4296 228 4360 que
250 4298 320 4346 cum
342 4281 428 4348 nulla
451 4286 604 4364 appareat
624 4299 718 4347 causa
737 4301 792 4349 cur
813 4280 936 4348 Catullo
959 4281 1020 4364 ipsi
1041 4282 1166 4363 saepius
1186 4281 1300 4348 fatenti
