3032 5078
600 496 747 556 ·ll

167 667 312 732 iuuenem
343 665 429 732 urbis
457 664 599 729 luxuriae
621 661 899 746 uoluptatibueque
921 665 1080 754 assuetum
1103 659 1187 725 ullee
1210 658 1298 724 iuua-

168 781 239 842 reut
261 775 418 841 deliciae?
440 775 528 840 ouius
551 774 695 855 equidem
718 770 839 839 consilii
861 790 920 837 non
944 770 1152 836 aliem'uideo
1176 787 1301 836 eausam

163 887 227 952 'nisi
250 885 331 951 hene
361 890 396 950 ut
425 885 542 950 eminus
566 884 665 950 amieo
690 897 785 966 quem
807 884 968 950 celerrime
996 882 1128 949 Romam
1148 879 1301 946 redeundi

168 1001 276 1062 auctor
299 997 464 1075 existeret,
494 1012 564 1060 cum
587 993 720 1060 Lesbiae
742 994 945 1074 animemed
967 993 1046 1058 elios
1068 1009 1189 1058 amores
1212 989 1301 1058 ineli-

168 1122 245 1171 nare
268 1105 399 1171 uideret.
444 1105 524 1170 tales
551 1103 696 1170 hortatus
725 1105 752 1170 si
775 1104 886 1170 Manlii
910 1103 1064 1187 epistulae
1085 1100 1216 1167 infuisse
1238 1106 1302 1166 ata·

168 1217 240 1296 tuis,
264 1218 326 1281 iem
341 1217 452 1283 melius
468 1215 661 1295 intellegitur
677 1199 793 1281 Catulli
808 1231 1001 1298 responsum.
1024 1247 1063 1259 -
1085 1213 1192 1294 itaque
1206 1211 1301 1277 trium

169 1327 340 1393 carminum
356 1325 502 1392 Ueronae
515 1326 702 1408 scriptorum
723 1325 817 1404 LXV,
835 1323 986 1390 LXVIII·
1008 1327 1040 1388 et
1054 1321 1202 1387 vanlb
1223 1321 1302 1387 haee

170 1443 219 1502 est
240 1438 356 1502 series:
389 1436 420 1501 id
443 1435 526 1517 quod
549 1436 685 1502 medium
709 1431 831 1518 optinet
855 1434 956 1502 locum
979 1438 1044 1499 tum
1067 1451 1136 1498 cum
1160 1431 1302 1498 Catullum

169 1547 271 1613 dolori
287 1546 468 1613 saeuissime
483 1551 547 1611 tam
566 1545 630 1612 curi
645 1546 757 1628 cepitis
771 1547 910 1630 adempti
926 1545 1021 1630 plane
1035 1543 1222 1624 indulgeret,
1237 1543 1302 1625 pri-

172 1675 256 1723 mum
279 1662 384 1722 eutem
407 1661 473 1722 turn
496 1674 565 1722 enm
594 1659 626 1721 et
647 1661 788 1739 tempore
809 1662 841 1724 et
862 1657 966 1740 poesie
988 1656 1026 1740 [o.
1048 1653 1161 1740 LXVI]
1185 1652 1302 1718 exerei-

170 1769 291 1832 tatione
313 1765 402 1833 dolor
419 1766 473 1832 ille
494 1767 622 1849 paulum
644 1773 800 1849 posuerat,
825 1768 968 1834 ultimum
987 1766 1122 1848 denique
1144 1769 1209 1828 tum
1233 1780 1304 1829 oum

172 1876 335 1956 eonsilium
359 1877 489 1944 Romam
512 1878 665 1947 redeundi
687 1883 782 1960 poeta
804 1879 942 1960 agitaret
962 1877 1167 1958 compositum
1190 1880 1246 1939 est.

256 1987 321 2054 Sed
351 1988 427 2052 istos
459 1988 498 2052 de
525 1987 638 2053 Lesbia
661 2005 817 2068 rumores,
847 2005 924 2069 quos
947 1986 1092 2053 Ueronae
1118 1988 1303 2068 aspernatos

171 2103 256 2178 erat,
286 2115 379 2164 ueros
409 2115 477 2163 esse
498 2098 628 2163 Romam
659 2115 804 2164 reuersus
834 2097 977 2164 Catullus
1007 2115 1067 2162 non
1096 2097 1163 2162 sine
1190 2094 1326 2161 acerbo.

170 2208 278 2274 dolore
302 2208 440 2288 agnouit.
465 2226 534 2272 eum
557 2208 638 2274 enim
659 2208 796 2291 puellum
817 2211 853 2274 ut
875 2225 961 2274 more
984 2207 1077 2272 solito
1100 2205 1304 2272 conuenirent

171 2323 329 2400 rogasset,
362 2317 417 2382 illa
444 2319 610 2384 recusauit.
656 2324 722 2384 tum
746 2336 822 2384 uero
844 2324 940 2401 poete
963 2319 1013 2383 ira
1035 2320 1132 2399 atque
1156 2316 1301 2398 indigne-

170 2431 256 2495 tione
277 2434 441 2511 correptus
463 2446 587 2494 carmen
611 2428 685 2494 VIII
708 2429 749 2494 ed
773 2446 840 2494 eum
863 2429 967 2494 misit:

274 2625 356 2682 miser
374 2626 489 2696 Catulle,
508 2627 616 2682 desinas
633 2625 752 2695 ineptire

275 2725 304 2774 et
321 2719 395 2788 quod
412 2719 491 2776 uides
509 2719 613 2790 perisse
630 2719 767 2789 perditum
785 2720 877 2774 duces.

277 2811 377 2868 fulsere
397 2813 533 2882 quondam
552 2812 659 2868 candidi
676 2812 726 2868 libi
746 2811 828 2881 solea,

277 2921 335 2962 oum
353 2907 508 2962 uentitabas
527 2922 580 2975 quo
597 2905 691 2975 puella
710 2905 819 2960 dicebat

174 3019 175 3024 ¹
274 3003 364 3056 amata
380 2999 460 3054 uobis
479 3006 609 3068 quantum
627 2999 764 3054 amabitur
780 2998 864 3056 nulla.

273 3093 314 3148 ibi
331 3092 380 3148 ille
396 3092 554 3148 multatum
571 3092 666 3148 iocose
683 3091 795 3161 fiebant,
819 3123 821 3128 ·

274 3201 345 3254 quae
362 3193 392 3240 tu
410 3185 524 3240 uolebas
542 3199 593 3240 nee
610 3185 702 3254 puelle
719 3186 846 3242 nolebat:

273 3277 376 3334 fulsere
392 3295 459 3334 uere
477 3277 586 3334 candidi
602 3278 653 3333 tibi
670 3278 752 3334 soles.

273 3387 345 3428 nune
363 3372 417 3427 iam
434 3372 484 3428 illa
500 3387 556 3426 non
576 3372 649 3426 uult:
667 3377 697 3427 tu
715 3387 832 3442 quoque,
849 3372 988 3441 inpotens,
1006 3371 1063 3426 noli

275 3480 326 3520 nee
346 3479 414 3532 quae
432 3464 504 3536 fugit
521 3471 626 3521 sectare
644 3480 694 3521 neo
713 3465 796 3520 miser
812 3466 885 3534 uiue,

274 3559 324 3613 aed
344 3558 480 3614 obstinata
497 3565 586 3614 mente
603 3555 705 3628 perfer,
723 3559 836 3615 obdura.

244 3646 246 3649 ’
275 3650 347 3720 uelo,
365 3651 470 3721 puella,
486 3652 541 3707 iam
559 3651 681 3708 Catullus
699 3651 818 3708 obduret

250 3781 254 3788 ·
273 3759 325 3802 nee
342 3753 370 3800 te
384 3745 507 3816 requiret
523 3759 575 3803 ueo
592 3745 701 3814 rogabit
717 3745 845 3803 iuuitmn:

275 3846 351 3896 altu
370 3839 485 3908 dolebis,
503 3853 564 3894 oum
581 3838 722 3908 rogaberis
740 3838 823 3894 nulla.

275 3932 399 4001 scelesta,
417 3945 469 3986 uae
486 3935 527 3987 te!
546 3948 616 4001 quee
635 3932 687 3987 tibi
705 3937 798 3988 manet
814 3931 890 3986 uital

274 4029 335 4094 quis
353 4042 427 4080 nuno
444 4030 471 4080 te
491 4024 594 4079 adibit?
611 4024 655 4080 eui
673 4019 810 4082 uideberia
829 4024 922 4080 bella?

276 4135 355 4188 quern
373 4135 445 4175 nuuc
464 4117 589 4174 amabis?
610 4119 686 4174 euius
706 4131 768 4174 esse
787 4116 907 4174 diceris?

276 4225 356 4281 quem
373 4210 524 4268 basiabis?
544 4210 588 4266 cui
605 4211 707 4266 labella
722 4211 883 4268 mordebis?

278 4309 308 4360 at
325 4313 363 4378 tu,
381 4305 497 4374 Catulle,
519 4304 670 4366 destinatus
689 4304 807 4367 obdura!
