3032 5078
306 621 361 686 LV
385 623 520 700 7'sqq.:‚

440 763 563 818 femellas
582 777 683 830 omues,
702 761 788 818 amice
806 762 910 830 prendi,

442 871 510 924 quas
527 856 606 910 uultu
622 855 680 910 nidi
697 861 787 910 tomen
806 869 926 910 serenas.

435 964 465 1018 a,
481 948 525 1002 uel
542 954 570 1004 ta
588 949 628 1003 sio
645 949 704 1016 ipse
721 947 895 1018 flagitabam:

442 1041 602 1096 ‘Camerium
618 1041 692 1110 mihi,
713 1041 849 1110 pessimae
868 1041 998 1110 puellaet’

223 1191 284 1236 non
296 1176 402 1253 potest
414 1171 552 1252 ineptius
564 1171 695 1251 cogitari
708 1189 784 1236 uoce
798 1171 932 1236 ‘tament
956 1171 1015 1237 hoo
1034 1173 1117 1238 enim
1140 1177 1232 1255 pacto
1245 1171 1352 1237 Catul-

221 1283 269 1347 lus
291 1281 413 1363 puellas
436 1283 542 1346 tristes
570 1280 777 1362 praeterisse,
808 1281 925 1348 hilares
946 1280 1109 1364 prendisse
1131 1301 1165 1348 so
1188 1281 1273 1348 dicit.
1317 1287 1351 1346 at

220 1392 293 1457 talis
322 1391 481 1456 distinctio
518 1395 672 1472 repugnat
703 1396 835 1456 naturae
862 1410 976 1456 rerum.
1029 1408 1097 1458 cum
1132 1393 1213 1456 euim
1245 1409 1351 1459 omues

219 1500 359 1583 puellae,
392 1507 457 1565 turn
487 1518 560 1565 vero
589 1500 806 1565 meretriculae
828 1507 983 1567 amatores
1006 1507 1206 1585 captaturae,
1241 1502 1350 1583 quales

221 1612 272 1677 hic
290 1611 475 1693 cogitandae
497 1615 585 1691 sunt,
617 1610 748 1675 hilarem
771 1611 951 1694 laetumque
972 1613 1092 1678 uultum
1116 1631 1226 1694 gerere
1248 1612 1351 1678 solent

221 1724 252 1788 in
283 1722 408 1804 publico
438 1722 625 1788 incedentes.
671 1722 746 1803 quid
778 1727 882 1787 autem
914 1721 1055 1788 Catullus
1087 1741 1125 1787 ex
1154 1721 1349 1788 femellarum

220 1850 275 1897 ore
297 1850 352 1896 seu
376 1850 485 1897 sereno
507 1833 561 1896 se'u
577 1849 687 1896 seuero
710 1831 749 1896 de
767 1831 901 1896 Camerti
917 1833 1046 1898 latebris
1065 1835 1205 1902 conicere
1227 1833 1351 1916 potuit?

228 1940 261 2005 V
279 1942 377 2007 tradit
396 1941 535 2022 serena,
559 1942 642 2022 quod
673 1943 704 2006 in
728 1941 924 2023 interpolatis
947 1943 1134 2024 quibusdam
1156 1942 1245 2007 libris
1266 1949 1350 2007 reela

220 2053 252 2117 in
276 2052 404 2117 ‘sereno’
427 2056 581 2116 mutatum
609 2058 665 2116 est.
710 2069 767 2132 pro
792 2053 877 2116 ‘uidi’
907 2058 1012 2117 autem
1036 2055 1253 2134 corrigendum
1276 2069 1349 2118 oen-

23 2187 35 2194 ·
105 2211 108 2214 -
220 2162 414 2266 seoa‘uigili’.
459 2161 536 2226 haec
559 2163 665 2243 itaque
679 2167 792 2243 poetae
811 2163 968 2227 sententia
991 2167 1058 2228 ast:
1083 2181 1116 2228 se
1139 2181 1245 2228 omnes
1260 2163 1351 2245 puel-

218 2274 266 2338 las
290 2272 533 2354 apprehendisse
556 2290 594 2336 ex
625 2271 731 2353 eisque
758 2273 797 2352 de
829 2274 928 2338 amico
956 2274 1150 2354 quaesiuisse
1180 2274 1271 2338 uultu
1300 2274 1350 2338 ui·

219 2383 275 2465 gili
298 2383 422 2464 quidem
437 2383 570 2465 (scilicet
590 2387 635 2462 ut,
660 2381 749 2463 siqua
764 2400 818 2447 ore
833 2389 1000 2464 appareret
1016 2383 1143 2449 contuso
1166 2389 1222 2447 aut
1243 2383 1349 2462 rubro,

219 2494 293 2558 inde
314 2493 463 2559 indicium
485 2493 670 2574 acciperet),
693 2492 748 2557 sed
770 2498 873 2556 tamen
896 2509 1015 2572 sereno,
1040 2512 1080 2560 ne
1101 2494 1161 2558 sibi
1175 2511 1294 2558 seuero
1317 2498 1349 2558 et

219 2605 332 2670 immiti
355 2603 526 2668 deterritae
547 2602 863 2684 irataequeicmellae
883 2603 923 2668 de
945 2604 1101 2670 industria
1123 2609 1283 2685 negarent.
1308 2639 1349 2653 -
1434 2605 1437 2610 '
1514 2589 1515 2656 l

219 2733 314 2781 uersu
344 2716 443 2779 altero
473 2714 557 2796 quod
586 2713 621 2776 L.
654 2713 825 2778 Muellerus
853 2713 1014 2796 archetypi
1036 2715 1223 2796 scripturam
1248 2715 1277 2777 ‘a
1298 2711 1350 2782 uel
1465 2737 1466 2740 ¹
1514 2731 1515 2804 ss

220 2830 252 2890 te
275 2826 319 2890 sic
347 2825 415 2906 ipse
445 2822 636 2904 flagitabam’
658 2824 790 2888 retinuit
820 2823 906 2888 nullo
937 2826 1029 2889 modo
1059 2842 1185 2906 possum
1206 2824 1348 2906 probare.

219 2953 290 2999 nam
312 2934 395 3016 quod
422 2934 470 2997 uir
494 2931 682 2998 clarissimus
702 2932 781 2997 illud
813 2934 874 2998 ‘uel
904 2933 957 3000 sic'
981 2934 1077 2999 adid
1101 2934 1184 3015 quod
1208 2933 1350 3015 sequitur

221 3045 383 3126 ‘pessimae
402 3044 538 3126 puellae'
569 3043 727 3126 pertinere
756 3043 815 3107 ait:
845 3045 980 3124 primum
1009 3064 1071 3110 non
1101 3049 1231 3126 possunt
1258 3061 1350 3108 uoca-

220 3154 295 3220 bula
315 3154 515 3219 cohaerentia
539 3153 599 3218 ‘uel
615 3152 669 3218 sie'
692 3154 857 3218 interiecto
881 3155 931 3220 ‘te'
954 3155 1067 3234 dirimi,
1091 3172 1161 3219 eum
1175 3173 1266 3220 nemo
1288 3172 1349 3218 non

222 3264 292 3328 ‘uel’
323 3282 393 3329 cum
424 3263 475 3328 ‘te'
506 3264 683 3344 coniungat.
736 3264 848 3329 deinde
878 3283 954 3330 uero
985 3263 1126 3330 Catullus
1155 3269 1264 3346 aperte
1294 3282 1350 3345 per

222 3375 323 3439 iocum
361 3376 481 3456 puellas
517 3378 609 3439 uocat
645 3374 814 3454 ‘pessimas’
856 3374 925 3458 (nos
965 3372 1277 3456 ‘Teufelsmttdchen';
1310 3373 1348 3440 of.

221 3484 352 3550 XXXVI
383 3479 432 3561 9);
462 3486 496 3544 at
525 3478 668 3546 Muelleri
699 3485 881 3566 explicatio,
916 3493 951 3550 ut
989 3485 1050 3549 ‘uel
1080 3485 1133 3550 sic’
1162 3485 1350 3568 diremptum

218 3614 301 3660 nunc
323 3595 492 3670 mittamus,
517 3611 578 3657 non
595 3592 690 3658 habet
707 3594 817 3676 locum,
842 3595 902 3660 nisi
924 3614 959 3660 rc
981 3613 1058 3660 uera
1080 3600 1174 3676 poeta
1196 3614 1248 3660 eas
1272 3600 1351 3660 tam·

222 3723 316 3788 quam
348 3709 452 3769 scorta
480 3703 558 3768 uilia
589 3704 753 3784 designare
782 3705 891 3770 uoluit.
937 3706 1043 3786 itaque
1071 3706 1147 3770 mihi
1167 3725 1224 3787 pro
1247 3707 1351 3788 explo-

223 3821 292 3881 rato
321 3820 369 3880 est
391 3813 490 3878 latere
520 3814 552 3876 in
582 3813 697 3879 litteris
723 3818 751 3878 ‘a
781 3816 843 3880 uel'
868 3817 1067 3897 participium
1090 3816 1235 3897 aliquod,
1259 3816 1351 3898 quale

219 4002 337 4050 mentum
363 3990 519 4049 emaculabo
544 3990 583 4046 ita
605 3991 756 4048 ‘centauros
783 3993 877 4048 sedare
900 3992 1078 4048 bimembres’.
1115 3992 1257 4048 Parisinus
1275 4008 1353 4062 prae·

220 4079 266 4133 bet
284 4078 403 4134 ‘fedaret
439 4083 511 4146 quod
530 4085 613 4153 uulgo
632 4085 732 4153 legitur
750 4083 889 4154 ‘foedare’,
914 4103 969 4143 non
986 4087 1067 4142 uideo
1087 4087 1221 4156 quomodo
1241 4101 1302 4139 oum
1318 4086 1351 4139 L.

219 4172 353 4228 Muellero
373 4174 435 4229 coll.
453 4175 535 4244 Uerg.
546 4178 614 4231 Aen.
633 4177 658 4230 lI
676 4179 709 4238 55
729 4176 903 4248 interpretari
921 4180 1010 4237 liceat.
1028 4209 1061 4220 -
1080 4179 1170 4250 agitur
1188 4179 1351 4234 de'Oantau-

218 4279 310 4320 rorum
327 4267 390 4322 rixa
407 4283 424 4324 a
441 4271 590 4337 nescioquo
610 4272 769 4341 composita.
