3032 5078
730 433 768 490 27

181 598 285 665 adhuc
313 598 447 680 ignotos,
487 599 533 664 ita
565 599 702 666 codicem
731 598 939 664 oxoniensem
970 597 1228 682 [Canonicianum
1263 599 1317 684 30]

182 711 229 774 ita
252 707 397 774 adhibuit
419 714 455 774 ut
478 715 582 776 tamen
606 727 757 774 summam
777 709 844 774 eius
864 710 896 773 in
920 710 992 775 crisi
1012 708 1191 775 Catulliana
1213 713 1320 776 aneto-

183 821 312 888 ritatem
336 819 463 884 minime
483 820 691 902 perspiceret,
724 819 850 884 tandem
880 820 977 902 igitur
1005 838 1061 885 nos
1084 819 1143 884 hac
1166 835 1317 885 comman-

184 931 306 996 tatione
327 930 527 994 ostendemus
539 929 663 995 duobus
685 935 806 994 tantum
821 929 989 1011 codicibus,
1012 930 1131 995 scilieet
1147 928 1319 995 Oxoniensi

185 1045 218 1105 et
241 1038 519 1120 sangermanensi,
544 1044 753 1122 propagatum
775 1056 843 1104 esse
866 1039 1072 1122 archetypum
1095 1038 1318 1105 Ueronensem.

271 1148 430 1215 Summum
451 1156 557 1216 autem
579 1151 653 1216 libri
675 1149 860 1215 Oxoniensis
884 1148 945 1234 [0]
968 1151 1105 1232 pretium
1128 1149 1179 1214 uel
1203 1167 1240 1214 oo
1264 1167 1319 1230 ap-

184 1264 277 1340 parat
308 1259 392 1341 quod
415 1261 500 1326 solus
529 1261 595 1327 fere
627 1262 736 1326 eodem
764 1266 915 1341 tempore,
938 1260 1057 1326 scilicet
1081 1263 1214 1326 exeunte
1238 1277 1318 1325 saec.

182 1368 266 1448 XIV,
292 1385 354 1450 quo
379 1369 657 1452 sangermanensis
687 1369 748 1454 [G]
773 1371 908 1453 scriptus
929 1375 985 1436 eet.
1031 1369 1127 1436 ceteri
1152 1386 1259 1434 omnes
1281 1367 1319 1432 li-

185 1478 233 1542 bri
256 1477 470 1560 (septuaginta
492 1479 558 1547 iere
581 1499 710 1545 numero
732 1481 819 1562 sunt)
842 1498 912 1546 cum
933 1497 1014 1546 saec.
1037 1479 1104 1558 XV,
1129 1478 1188 1544 hoc
1211 1483 1259 1544 est
1281 1497 1318 1543 eo

184 1595 325 1670 tempore
347 1607 409 1671 quo
433 1589 517 1656 docti
540 1589 614 1655 ltali
639 1591 739 1656 ueluti
769 1590 866 1656 irenis
889 1591 1025 1656 inmissis
1048 1591 1242 1670 corrigendis
1265 1607 1320 1656 an·

185 1697 282 1779 liquis
305 1700 485 1766 auctoribus
507 1704 664 1766 manarunt
687 1717 830 1781 operam,
860 1701 980 1765 exarati
1002 1701 1080 1778 sint,
1115 1718 1172 1781 per
1200 1719 1234 1766 se
1258 1701 1319 1764 iam

185 1815 317 1890 apparet
345 1812 521 1876 secundarii
545 1816 672 1888 ‚tantum
707 1811 801 1891 pretii
831 1811 872 1874 ad
903 1811 1123 1893 reciperandas
1154 1811 1319 1892 archetypi
1407 1893 1408 1896 Ἴ

188 1917 379 1984 Ueronensis
403 1920 464 2006 [V]
487 1921 635 1986 lectiones
658 1920 772 2001 esse*).
1377 1907 1379 1916 ’

274 2029 335 2096 Sed
359 2033 523 2096 utstatim
555 2038 706 2114 appareat
730 2032 856 2096 tandem
879 2050 935 2096 suo
958 2031 1068 2097 honori
1090 2031 1319 2096 restituendum

186 2159 254 2205 esso
275 2141 492 2222 (laoniensem,
516 2141 644 2207 afferam
668 2143 809 2222 exempla
833 2143 987 2223 quaedam
1016 2161 1055 2206 en
1075 2143 1211 2206 carmine
1233 2140 1319 2204 LXII

185 2251 301 2331 petita,
336 2253 419 2333 quod
451 2255 482 2317 in
505 2252 653 2318 Thnaneo
677 2270 802 2334 qnoque
827 2251 890 2337 [T]
914 2271 994 2318 saec.
1017 2253 1047 2316 X
1069 2258 1228 2317 seruatum
1252 2271 1320 2317 esse

185 2366 317 2426 constat.
363 2363 472 2427 omitto
505 2362 549 2427 ibi
570 2381 599 2426 u.
622 2367 640 2427 3
669 2361 736 2426 ΤΟ
759 2363 913 2444 ‘pinguis’,
940 2363 1013 2427 GD
1036 2369 1139 2428 autem
1165 2363 1317 2446 ‘pingues'

185 2471 353 2554 praebere:
378 2472 475 2537 multo
491 2472 617 2538 maioris
641 2473 680 2536 ad
705 2473 919 2553 quaestionem
940 2479 1078 2538 nostram
1101 2475 1249 2538 momenti
1272 2477 1320 2536 est

186 2602 216 2645 u.
240 2587 275 2661 8,
309 2582 361 2646 ubi
390 2601 429 2646 ex
459 2583 615 2663 scriptura
645 2583 677 2646 in
712 2580 744 2645 Τ
768 2583 862 2647 obuia
895 2583 1001 2648 ‘siccer
1033 2588 1081 2648 tes
1103 2583 1123 2647 i’
1152 2589 1236 2648 recte
1259 2583 1319 2647 uiri

188 2693 271 2757 docti
294 2692 437 2757 fecerunt
459 2693 513 2758 ‘sic
535 2694 666 2758 certesl'.
715 2693 872 2758 Oautem
895 2711 964 2759 cum
991 2691 1086 2758 Tite
1109 2695 1263 2759 consentit
1285 2693 1320 2758 ut

184 2802 277 2883 paulo
295 2803 411 2867 rectius
434 2803 488 2868 ‘sic
510 2810 593 2868 certe
616 2803 652 2867 si'
676 2804 835 2885 praebeat.
881 2803 1034 2868 sedenim
1055 2801 1125 2866 GI)
1148 2805 1202 2870 ‘sio
1224 2805 1318 2872 certe’

185 2914 298 2977 omisso
320 2913 375 2976 illo
400 2913 445 2977 ‘si’
470 2913 595 2978 habent.
641 2913 702 2978 iam
733 2913 820 2994 hinc,
851 2933 918 2979 cum
949 2915 987 2980 de
1018 2914 1260 2995 interpolatione
1286 2916 1318 2980 in

188 3020 329 3087 Onulla
351 3030 443 3104 pacto
475 3025 606 3104 cogitari
637 3030 748 3105 queat,
783 3025 812 3088 0
839 3025 937 3090 multo
966 3023 1090 3090 fidelius
1113 3025 1338 3108 archetypum.

185 3134 274 3197 nobis
298 3133 430 3199 reddere
452 3134 625 3215 putandum
648 3141 696 3198 cst
719 3153 811 3215 quam
838 3133 918 3216 Gn,
942 3137 1058 3216 quippe
1082 3137 1243 3216 inquibus
1265 3156 1319 3201 uo-

186 3246 258 3310 cula
278 3261 371 3310 sensu
401 3261 489 3308 cassa
512 3246 626 3308 omissa
655 3244 704 3307 sit.
728 3280 770 3292 -
795 3264 889 3326 porro
921 3265 950 3309 n.
974 3249 1014 3310 40
1044 3248 1179 3327 ‘ignotus
1201 3247 1317 3328 pecori,

184 3356 270 3421 nullo
294 3356 458 3422 conuolsus
481 3354 597 3419 aratro’
620 3353 737 3434 legitur
760 3356 792 3419 in
820 3353 865 3418 T:
883 3355 955 3419 GD
977 3375 1034 3438 pro
1059 3356 1242 3424 ‘conuolsus'
1267 3376 1319 3421 en-

184 3466 292 3531 hibent
316 3466 492 3545 contusus,
520 3466 549 3528 0
571 3471 676 3528 antem
693 3464 882 3530 ‘conclususl
928 3465 986 3531 hoo
1003 3474 1107 3531 autem
1124 3466 1316 3547 'conclusos',

1232 3575 1254 3616 ol

190 3647 258 3692 cum
282 3628 422 3709 proxime
445 3626 527 3691 absit
542 3626 581 3691 ab
598 3625 651 3689 illo
674 3625 857 3690 ‘conuolsus’
879 3643 1047 3708 -nempe
1069 3626 1142 3691 olim
1166 3629 1317 3693 ‘conosus’

184 3737 245 3802 luit
268 3743 429 3802 exaratum
446 3775 497 3816 -,
521 3737 552 3800 in
575 3735 758 3801 Ventitisse
780 3736 873 3819 plane
897 3737 1046 3802 credibile
1069 3743 1125 3817 ost,
1150 3739 1316 3802 ‘contusus'
1370 3797 1374 3804 .

184 3854 289 3914 antem
304 3867 343 3914 ex
360 3848 579 3930 qualicumque
594 3848 773 3912 conlectura
790 3849 961 3929 repositum
985 3866 1061 3912 esse.
1084 3885 1127 3895 —-
1150 3853 1215 3912 tum
1233 3869 1262 3912 u.
1276 3854 1317 3914 63

253 4104 278 4171 *l
298 4105 498 4158 consentientes
525 4102 689 4158 deteriorum
713 4102 835 4158 codicum
858 4105 974 4158 omnium
992 4103 1122 4161 lectiones
1139 4107 1166 4160 D
1184 4106 1251 4175 siglo
1269 4123 1319 4161 no·

184 4197 255 4266 taui3
274 4199 291 4250 d
310 4197 398 4265 posui,
416 4198 462 4252 ubi
482 4211 563 4250 unum
583 4202 630 4250 aut
649 4195 717 4255 duos
737 4214 769 4256 ex
789 4199 828 4256 eie
847 4198 964 4267 opposui
982 4198 1103 4266 reliquis.
