3032 5078
742 1418 783 1482 II.

513 1549 566 1618 lia
588 1553 677 1620 libri
701 1553 898 1621 Catulliani
920 1549 1020 1619 latis·

283 1742 399 1808 Catulli
422 1741 546 1811 libellus
570 1761 665 1824 quam
693 1740 735 1805 sit
757 1741 898 1805 studiose
921 1740 1083 1806 lectitatus
1110 1757 1180 1805 cum
1202 1740 1241 1804 ab
1266 1758 1331 1803 orn-

200 1853 298 1920 nibus'
316 1854 462 1934 deinceps
484 1854 601 1934 poetis
634 1856 702 1917 tum
726 1852 767 1916 ab
789 1853 834 1917 eis
856 1852 912 1933 qui
934 1856 1040 1917 aetate
1063 1850 1227 1932 Augustea
1249 1849 1332 1914 Mes-

196 1966 293 2031 sallae
316 1964 513 2047 potissimum
543 1963 691 2045 auspiciis
721 1961 761 2029 ad
783 1963 891 2046 poesin
914 1962 1067 2044 auspicati
1090 1966 1163 2026 sunt
1186 1978 1333 2042 quorum·

200 2095 263 2158 que
295 2073 445 2156 opuscula
474 2075 646 2138 catalecton
678 2073 802 2137 nomine
832 2072 873 2138 ad
911 2090 966 2137 nos
998 2078 1213 2154 peruenerunt
1240 2071 1334 2136 bodie

199 2191 307 2252 notum
331 2190 387 2250 est.
432 2202 625 2265 quamquam
641 2184 802 2249 bominum
819 2183 981 2248 doctorum
997 2185 1103 2264 potius
1128 2201 1222 2264 quam
1244 2182 1333 2264 uulgi

198 2296 343 2361 manibus
366 2295 461 2360 tritus
492 2295 545 2359 iile
574 2296 719 2375 uidetur;
753 2297 837 2358 certe
868 2293 901 2356 in
924 2293 1179 2374 inscriptionibus
1201 2292 1333 2374 Pompe·

197 2405 278 2471 ianis
300 2405 421 2469 nullum
450 2424 488 2470 ex
520 2423 556 2470 eo
587 2406 777 2470 uersiculum
808 2403 1016 2486 deprehendi,
1050 2404 1110 2468 nisi
1141 2405 1225 2484 quod
1254 2402 1333 2468 illud

200 2517 341 2582 attactis
371 2517 514 2597 pedibus’
539 2515 634 2599 [1261
659 2517 691 2580 in
719 2515 963 2596 Zangemeisteri
983 2513 1116 2597 sylloge]
1139 2512 1272 2578 fortasse
1294 2531 1334 2577 ex

200 2625 325 2691 Catullo
348 2625 419 2708 [XV
445 2626 498 2710 18]
528 2631 687 2709 sumptum
717 2643 785 2692 esse
814 2631 956 2690 statuere
984 2624 1068 2690 licet.
1113 2624 1332 2704 grammaticos

198 2753 324 2818 quoque
346 2755 407 2799 non
425 2737 611 2802 mediocrem
627 2754 754 2818 operam
777 2736 810 2799 in
834 2735 902 2799 eius
918 2734 1108 2798 carminibus
1130 2734 1271 2814 posuisse
1295 2751 1333 2796 ex

200 2866 330 2912 numero
352 2845 436 2914 baud
465 2865 566 2928 paruo
586 2865 736 2912 uersuum
759 2845 1007 2910 Gatullianorum
1035 2845 1075 2909 ab
1098 2845 1161 2908 illis
1185 2844 1260 2908 data
1283 2862 1332 2908 oc-

199 2958 323 3023 casione
345 2957 522 3021 adlatorum
547 2957 657 3021 elucet.
703 2971 794 3037 quos·
812 2972 921 3020 uersus
951 2956 1026 3019 dum
1048 2954 1221 3036 perlustro,
1256 2953 1332 3017 illud

198 3068 311 3132 mirum
337 3073 369 3131 et
401 3068 605 3132 adnotatione
631 3072 681 3130 sat
710 3063 839 3146 dignum
869 3065 944 3130 mihi
979 3069 1026 3129 est
1052 3065 1155 3128 uisum
1187 3063 1270 3144 quod
1303 3063 1331 3127 ei

197 3177 392 3258 grammatici
416 3178 470 3257 qni
494 3181 567 3242 ante
583 3175 719 3240 Gellium
735 3175 883 3239 aixerunt
906 3175 990 3240 baud
1007 3194 1078 3240 raro
1101 3179 1213 3255 poetae
1236 3173 1334 3238 uerba

196 3287 296 3351 multo
318 3287 532 3352 emendatiora
562 3285 714 3369 praebent
742 3303 836 3366 quam
865 3304 947 3352 nunc
975 3304 1013 3350 ea
1042 3286 1074 3349 iu
1096 3284 1255 3349 codicibus
1278 3302 1335 3348 no·

196 3399 270 3462 stris
294 3398 461 3478 leguntur,
494 3415 562 3463 cum
586 3403 694 3462 contra
717 3394 819 3460 Gellio
841 3397 1032 3476 posteriores
1054 3396 1242 3478 plerumque
1265 3411 1332 3458 eas·

195 3508 265 3572 dem
290 3526 369 3589 quas
391 3507 578 3590 archetypus
599 3507 789 3572 Ueronensis
820 3506 1014 3587 corruptelas
1038 3505 1215 3570 exhibeant.
1261 3522 1333 3568 nam

196 3619 280 3700 quod
304 3619 343 3683 ad
365 3619 411 3682 rei
433 3619 581 3684 metricae
604 3618 718 3682 attinet
739 3623 893 3696 auctores,
918 3617 1048 3680 Atilium
1063 3615 1331 3680 Fortunatianum

194 3729 331 3794 Marium
354 3727 552 3793 Uictorinum
573 3727 796 3792 Terentianum
818 3726 973 3806 Maurum,
996 3733 1165 3808 propterea
1187 3727 1272 3807 quod
1296 3744 1334 3798 ex

196 3841 351 3908 communi
380 3838 466 3905 fonte
491 3843 633 3920 -puta
665 3837 809 3902 Caesium
842 3837 974 3900 Bassum
998 3875 1038 3887 -
1062 3836 1255 3915 hauserunt,
1288 3837 1333 3900 eis

194 3951 249 4031 qui
273 3949 376 4015 Gellio
396 3954 469 4016 sunt
492 3949 612 4030 priores
628 3948 829 4012 adnumerari
851 3946 975 4011 debent.
1021 3947 1103 4012 idem
1130 3947 1169 4010 de
1192 3947 1334 4014 Charisia

194 4066 226 4124 et
247 4059 409 4125 Prisciano
432 4059 636 4123 statuendum
657 4064 713 4122 est.
759 4059 821 4123 iam
841 4040 912 4139 ¹ipse
936 4063 1041 4124 autem
1058 4056 1179 4124 Gellius
1202 4058 1261 4142 [VI
1278 4060 1332 4144 20]

197 4169 314 4235 Catulli
356 4168 548 4250 exemplaria
588 4169 735 4232 mendose
779 4167 973 4233 circumferri
1014 4172 1149 4234 testatus
1187 4177 1250 4250 est;
1293 4170 1331 4235 ci.

196 4280 361 4362 Hauptius
387 4281 418 4343 in
443 4279 545 4344 indice
568 4279 638 4343 lect.
662 4278 764 4344 Berol.
787 4287 864 4344 aest.
892 4284 982 4344 1857.
