3032 5078
726 445 765 502 57

335 655 411 701 estne
430 646 508 698 nouis
526 645 619 711 nuptis
639 644 701 699 cdio
718 643 831 698 Uenus?
851 660 920 699 anne
940 649 1084 712 parentum

401 739 566 792 frustrantur
584 735 661 792 falsis
681 737 780 805 gaudia
797 737 954 805 lacrimulis,

335 832 453 887 ubertim
470 829 582 886 thalami
602 844 670 898 quas
689 829 762 884 intra
779 830 871 886 limina
889 828 1029 884 fundunt?

400 941 462 996 non,
478 926 517 979 ita
534 940 576 979 me
595 924 658 992 diui,
677 939 745 977 uera
763 929 882 993 gemunt,
900 924 1008 979 inerint.

179 1054 258 1121 haec
282 1054 380 1119 uerba
403 1072 508 1119 omues
535 1053 636 1135 quoad
670 1052 760 1136 uideo
795 1053 894 1117 critici
922 1053 984 1117 leui
1008 1053 1088 1135 pede
1111 1055 1313 1119 transierunt.

179 1184 252 1230 nam
275 1165 358 1247 quod
378 1163 510 1248 Heysius
533 1183 590 1246 pru
615 1163 721 1228 ‘falsis’
743 1165 903 1246 rescripsit
921 1164 1029 1229 ‘salsis’
1052 1167 1218 1244 narcissi,
1244 1183 1312 1230 curn

180 1275 279 1341 ‘falsis
313 1275 493 1340 lacrimulis'
524 1278 555 1340 et
587 1278 671 1338 ‘nera
707 1275 844 1355 gemunt'
872 1281 981 1356 aperte
1011 1275 1071 1340 sibi
1102 1280 1309 1356 opponantur.

180 1387 258 1452 illud
282 1392 386 1450 autem
412 1385 596 1467 ‘parentum’
630 1386 704 1466 quid
736 1386 794 1450 sibi
819 1371 896 1450 uelit
919 1385 1083 1450 nemodum
1108 1387 1314 1467 interpretum

179 1497 334 1579 exposuit,
358 1497 419 1561 nisi
441 1496 524 1578 quad
548 1513 628 1560 unus
652 1493 790 1576 Scaliger
812 1495 920 1561 attulit
943 1495 1148 1576 fragmentum
1167 1495 1313 1562 Callima-

180 1607 289 1673 cheum
314 1607 390 1691 [118
414 1606 498 1690 apud
523 1605 558 1671 Ο.
583 1603 838 1688 Schneiderum]:
914 1653 918 1662 .

539 1749 557 1817 ἡ
578 1751 641 1808 παῖς
659 1743 676 1814 ἡ
695 1747 895 1808 κατάκλειστος

541 1842 593 1910 τὴν
613 1840 642 1894 οἳ
658 1857 730 1910 φασι
749 1842 877 1901 educarer

541 1936 670 1995 εὐυαίους
690 1930 844 2005 ὀαρισμούς
958 1947 961 1954 ’

540 2030 635 2097 ἐχθειν
656 2024 719 2082 laos
738 2028 857 2098 ὀλέθρῳ.

180 2166 267 2254 ‚quod
292 2165 500 2246 fragmentum
524 2173 559 2232 ut
582 2168 622 2232 ad
646 2162 816 2248 πλόκαμον
837 2171 1011 2250 Βερονίκης
1027 2169 1313 2250 minimepertinet,

181 2277 227 2342 ita
249 2295 307 2342 nec
330 2277 453 2343 Catullo
476 2278 677 2343 obuersatum
700 2295 768 2342 esse
803 2295 913 2342 uersus
943 2283 1065 2343 nostros
1095 2279 1244 2343 scribenti
1268 2278 1315 2342 ul-

180 2392 228 2451 tro
252 2394 393 2469 apparet.
439 2407 509 2452 nam
541 2390 632 2453 unica
665 2387 837 2453 similitudo
867 2387 1034 2453 intercedit
1066 2407 1103 2453 ea
1125 2390 1207 2469 quod
1230 2391 1313 2471 apud

179 2496 402 2563 Callimachum
421 2501 575 2578 τέκοντες,
600 2499 684 2580 apud
701 2496 856 2562 Catullum
882 2499 1066 2579 ‘parentum’
1090 2499 1231 2580 legimus.
1255 2498 1314 2565 hcc

183 2720 274 2783 domo
297 2725 462 2800 parentum
484 2721 594 2785 cedere
621 2719 742 2801 puellas
769 2719 809 2784 ad
831 2721 904 2784 noui
927 2719 1032 2783 mariti
1055 2720 1179 2784 domum
1201 2720 1314 2784 transi-

180 2834 277 2908 turas,
302 2847 403 2911 neque
425 2848 480 2894 cur
501 2829 626 2910 ‘gaudia
647 2829 822 2911 parentum'
843 2849 900 2911 pro
926 2829 1090 2911 ‘parentes’
1114 2831 1156 2894 sit
1178 2830 1314 2911 positum

184 2958 285 3019 neque
308 2941 462 3021 quomodo
491 2940 614 3022 puellae
641 2939 850 3028 frustrentur
879 2939 1015 3004 lacrimis
1044 2948 1190 3021 parentes
1213 2958 1313 3022 neque

180 3068 257 3114 uero
280 3051 356 3131 quid
380 3051 420 3114 ad
450 3056 596 3132 parentes
625 3051 773 3116 lacrimae
798 3051 885 3115 intra
915 3049 1052 3114 thalami
1082 3050 1192 3116 limina
1222 3051 1312 3116 fusse

177 3161 356 3243 pertineant
379 3161 534 3241 intellego.
578 3160 650 3226 talis
669 3179 763 3242 quam
788 3161 879 3226 modo
901 3161 1050 3244 supposui
1067 3163 1223 3227 sententia
1238 3181 1315 3244 quo-

178 3289 249 3334 nam
273 3270 364 3334 modo
387 3272 468 3335 iuste
492 3273 684 3353 exprimatur
707 3273 773 3352 ipse
796 3279 828 3335 te
851 3272 975 3336 docebit
992 3270 1133 3337 Catullus
1155 3273 1219 3356 [62,
1238 3273 1311 3357 21]:
1348 3345 1350 3352 ,
1396 3319 1400 3328 ,

180 3381 245 3462 ‘qui
270 3386 376 3445 natam
398 3382 498 3462 possis
521 3380 682 3462 complexu
714 3381 851 3446 auellere
878 3382 1007 3445 matris’.
1053 3388 1231 3464 corruptam
1254 3385 1312 3464 igi-

180 3498 233 3555 tur
255 3510 364 3556 censeo
388 3510 494 3557 uocem
521 3484 715 3574 ‘pareutum’.
760 3510 853 3572 quam
881 3498 916 3556 ut
939 3493 1100 3576 paulisper
1122 3496 1311 3575 omittamus

179 3601 302 3685 reliqua
332 3604 449 3684 optimc
485 3593 667 3684 procedunt.
721 3603 782 3666 iam
819 3603 899 3667 cuim
937 3602 1071 3681 ‘gaudia’
1101 3603 1311 3684 intellegenda
1422 3669 1424 3676 ,

178 3719 252 3777 sunt
267 3713 420 3780 =Ueneres
443 3714 619 3795 diciturque
644 3712 798 3776 'frustrari
821 3713 946 3794 gaudia’
975 3714 1084 3778 ecdem
1107 3715 1200 3794 plane
1221 3715 1312 3780 raudo

179 3842 239 3906 quo
262 3823 398 3889 ‘differre
420 3823 545 3902 gaudia'
568 3825 651 3905 apud
675 3822 822 3888 Ouidium
839 3823 925 3907 [met.
949 3829 977 3904 6,
1003 3825 1078 3909 514]
1101 3830 1133 3889 ct
1149 3826 1180 3889 in
1204 3825 1313 3889 inscri-

177 3935 286 4014 ptione
317 3934 508 4016 Pompeiana
537 3934 633 4017 [1837
663 3933 831 4017 Zangem.].
878 3942 1077 4016 expectamus
1112 3940 1216 4001 autem
1247 3936 1313 4001 lerc

178 4044 318 4109 additam
341 4063 409 4110 esse
432 4063 574 4121 causam,
604 4064 667 4127 qua
688 4063 771 4110 noua
794 4051 893 4127 nupta
914 4044 1039 4111 differat
1061 4047 1185 4127 gaudia.
1231 4065 1312 4128 quae

175 4155 317 4221 morandi
339 4173 432 4220 causa
454 4155 612 4237 perfacilis
636 4161 683 4221 est
704 4163 879 4238 perspectu.
923 4155 1025 4236 legas:
