3032 5078
712 445 749 502 61

163 608 240 692 521]
267 612 338 673 ‘non
362 611 415 690 qui
443 629 503 691 per
523 627 599 674 saxa
625 611 752 676 uolutus
780 610 889 693 purior
912 611 1027 675 electro
1051 629 1192 693 campum
1216 610 1298 692 petit

162 722 284 784 amnis‘.
329 721 456 784 uidetur
469 726 573 784 antem
591 720 650 784 boc
668 721 735 785 ioco
752 722 778 784 is
795 720 875 784 iiber
889 722 971 785 undo
994 717 1026 783 V
1037 723 1187 802 originem
1210 723 1299 786 duxit

163 833 247 897 iectu
271 829 607 910 fuissentsummum,
642 837 677 894 ut
707 831 854 895 librarius
884 850 942 912 pro
973 833 1101 897 uocibus
1131 851 1208 914 quas
1237 834 1298 897 iam

162 944 241 1008 satis
266 944 428 1008 dinoscere
451 942 571 1022 nequiit
594 949 762 1022 utcumque
784 942 861 1006 iilud
889 945 954 1023 ‘per
971 943 1106 1008 medium
1130 943 1228 1008 densi’
1251 961 1300 1008 re-

163 1059 310 1136 poneret,
346 1053 479 1117 fortasse
512 1071 572 1116 non
600 1053 762 1116 immemor
792 1053 858 1116 eius
889 1052 970 1132 quod
995 1071 1019 1116 e.
1044 1053 1143 1118 LXVI
1167 1058 1206 1117 47
1233 1057 1300 1136 ‘per

163 1163 310 1229 medium’
331 1162 461 1243 legerat.
485 1200 526 1210 -
550 1165 580 1227 in
604 1182 698 1227 uersu
728 1162 871 1248 sequenti
887 1161 1002 1227 '‘dulce
1025 1163 1140 1228 uiatori
1163 1163 1245 1228 lasso
1267 1165 1299 1229 in

164 1273 279 1338 sudore
302 1273 457 1337 leuamen'
483 1271 513 1336 O
535 1275 567 1338 id
583 1274 665 1354 quod
682 1274 805 1338 omnino
822 1273 938 1337 rectius
960 1272 1105 1337 sehabet
1122 1274 1299 1339 ‘uictorum'

162 1386 303 1468 praebet.
349 1385 456 1464 itaque
484 1403 521 1447 ex
553 1384 673 1462 ‘basso'a
697 1383 780 1464 quod
808 1384 840 1446 iu
879 1378 984 1465 Vpro
1013 1383 1114 1448 ‘lasso’
1144 1386 1296 1450 traditum

164 1500 228 1573 est,
259 1494 345 1559 aliud
375 1495 450 1576 quid
480 1495 666 1560 eliciendum
694 1499 750 1559 est.
796 1494 912 1558 conieci
943 1494 1109 1559 ‘uiatornm
1132 1515 1242 1560 musco
1265 1498 1296 1561 in

165 1603 335 1686 sudore'*).

242 1695 329 1780 ibid.
356 1720 397 1780 84
407 1734 490 1797 sqq..

368 1875 374 1894 ι
454 1854 548 1916 posset
565 1855 596 1902 ut
615 1850 730 1917 abrupto
749 1850 843 1904 uiuere
862 1848 994 1916 coniugio.

385 1942 458 2010 quod
477 1942 583 1996 scibant
600 1942 702 1996 Parcae
720 1958 774 1996 nou
792 1942 874 2011 longo
893 1948 1015 2010 tempore
1034 1942 1134 2011 abisse,

436 2042 439 2048 ’
455 2035 568 2090 similes
585 2051 676 2090 muros
694 2037 763 2091 isset
780 2036 815 2090 ad
834 2036 940 2090 Iliacos.

165 2151 298 2219 multum
321 2157 352 2220 iu
376 2155 424 2221 bis
447 2156 552 2220 uerbis
582 2175 616 2221 se
643 2163 804 2221 torserunt
827 2158 886 2221 uiri
911 2156 1011 2235 docti,
1043 2174 1111 2220 curn
1143 2156 1222 2222 bene
1251 2157 1298 2221 iili

164 2265 384 2348 intellegerent
407 2266 439 2330 id
462 2267 545 2348 quod
575 2264 606 2328 V
622 2268 774 2348 praebeat
799 2267 919 2331 ‘abisse'
943 2267 1033 2331 nauci
1056 2284 1133 2330 esse.
1158 2285 1218 2332 non
1243 2285 1298 2350 po-

163 2382 224 2440 test
248 2381 352 2441 autem
376 2396 437 2442 uox
459 2377 612 2457 ‘coniugio
635 2377 773 2458 propter'
796 2396 825 2440 n.
847 2380 887 2440 86
911 2376 1004 2440 aliter
1025 2395 1119 2458 quam
1135 2395 1192 2458 pro
1218 2381 1298 2442 ‘cou-

164 2487 245 2567 iuge’
273 2488 381 2569 accipi.
427 2487 480 2551 sed
519 2487 599 2552 benc
630 2489 922 2570 interpretationem
960 2487 1165 2551 neeessariam
1195 2489 1220 2552 si
1251 2506 1298 2552 se-

163 2599 284 2682 queno,
309 2599 409 2663 minus
431 2604 505 2680 apta
523 2581 772 2663 euadet'uoculu
798 2597 960 2678 ‘abrupt0'.
1005 2615 1063 2678 pro
1086 2615 1148 2679 qua
1171 2616 1240 2662 cum
1268 2595 1299 2660 0

165 2708 213 2772 ‘ab
246 2709 277 2771 in
308 2709 415 2790 nupto'
451 2708 575 2788 tradat,
610 2709 861 2773 substituendum
897 2713 945 2772 est
978 2706 1156 2794 ‘absumpto
1188 2707 1299 2772 uiuere

163 2818 326 2898 coningio‘.
371 2820 476 2882 uersui
500 2824 606 2883 autem
633 2823 672 2883 85
697 2836 733 2883 eo
764 2819 889 2899 egregie
919 2818 1075 2884 consuluit
1102 2818 1137 2882 L.
1166 2815 1298 2882 Muelle-

163 2947 216 2993 rus
239 2929 322 3011 quod
343 2948 401 3010 pro
423 2929 529 3010 inepto
554 2929 692 2994 ‘scibant’
716 2930 855 3011 reposuit
886 2929 1038 3008 ‘scirant'3
1061 2931 1161 2993 restat
1183 2933 1218 2993 ut
1240 2945 1297 3010 pro

166 3039 287 3103 ‘abisse'
318 3041 509 3120 corrigamus
547 3041 578 3104 id
603 3042 684 3123 quod
717 3042 805 3105 unice
828 3039 888 3105 hnc
916 3040 1062 3104 conuenit
1085 3038 1224 3120 ‘obisse'3
1254 3039 1293 3104 de

162 3156 304 3230 ternpore
330 3148 471 3230 perfecto
509 3150 547 3214 uf.
580 3150 710 3229 Reisigii
744 3150 838 3216 schol.
869 3150 923 3214 lat.
951 3150 968 3233 ᾖ
997 3153 1067 3215 290.
1113 3169 1185 3214 uam
1210 3150 1295 3216 litte-

160 3260 250 3324 rulae
274 3259 311 3324 ‘o’
334 3265 365 3323 et
390 3260 427 3324 ‘a’
451 3265 527 3341 quot
549 3260 624 3324 iocis
645 3279 712 3325 curn
738 3261 768 3324 iu
793 3260 935 3325 omnibus
958 3259 1047 3324 libris
1070 3251 1207 3341 antiquis
1230 3264 1297 3326 tum

162 3371 193 3433 in
230 3367 263 3431 V
287 3370 433 3434 confusae
470 3371 533 3435 siut
562 3376 612 3435 sat
642 3374 772 3435 constat.
824 3369 879 3434 sed
915 3369 1000 3434 locus
1039 3369 1233 3436 Catullianus
1263 3372 1296 3436 in

161 3481 342 3547 memoriam
372 3482 447 3546 mihi
485 3488 613 3546 reuocat
642 3481 780 3560 Ualerii
799 3479 926 3544 Aeditui
962 3497 1071 3545 uersus
1101 3481 1296 3547 dulcissimos

161 3591 244 3672 apud
266 3590 402 3657 Gellium
425 3589 561 3675 [XVIIII
584 3593 617 3676 9]
642 3597 801 3671 seruatoS,
826 3609 904 3673 quos
924 3591 995 3655 ilico
1018 3591 1169 3656 subiciam
1193 3608 1296 3656 emcn-

161 3703 268 3766 datos:

329 3822 418 3878 dicere
436 3837 496 3875 cum
515 3837 600 3877 conor
619 3837 711 3876 curam
729 3822 787 3891 tibi,
804 3821 957 3890 Pamphila,
977 3821 1076 3889 cordis,

382 3915 451 3983 quid
466 3915 502 3969 mi
520 3916 570 3970 abs
589 3924 616 3970 te
636 3930 778 3985 quaeram:
797 3914 883 3969 uerba
900 3915 986 3970 labris
1005 3915 1120 3982 obouut3

162 4029 385 4039 W

228 4080 296 4146 *iu
316 4079 350 4130 70
366 4078 553 4147 reponendum
572 4094 635 4132 esse
650 4078 776 4132 ‘condida
791 4092 856 4132 cura
874 4077 953 4146 pede'
971 4076 1062 4132 monui
1079 4076 1109 4130 in
1122 4076 1295 4132 Fleckeiseni

159 4171 250 4227 annai.
271 4173 338 4226 1872
356 4188 384 4241 p.
402 4173 462 4226 836.
