3032 5078
750 417 790 474 60

203 585 318 649 Oarion
343 585 502 665 proximus
523 584 644 665 fulgeat
658 582 846 666 Hydrochoi,
872 585 904 649 id
928 589 983 663 est,
1007 590 1072 648 tum
1089 583 1193 647 sidera
1217 601 1337 647 eorum-

203 712 263 775 que
291 701 394 759 motus
426 695 503 759 nihil
541 697 666 760 omnino
698 713 781 759 curo.
811 731 853 742 —
882 714 939 776 pro
978 695 1117 758 ‘utinam’
1147 691 1177 756 0
1206 693 1339 774 praebet

204 804 321 868 ‘utiua’.
367 804 446 884 luit,
475 807 507 870 ni
535 805 643 885 fallor,
671 807 702 869 in
733 804 776 869 V:
810 805 912 887 ‘utia'3
937 805 1020 868 undo
1044 805 1189 868 emendo:
1214 809 1251 868 at
1273 805 1337 868 ium

202 932 289 978 coma
312 916 401 996 regia
421 913 503 995 fiam,
530 917 699 997 proximus’
723 934 786 998 eqs.
809 953 849 962 -
874 914 1028 996 ‘fulgeret'
1053 922 1100 978 est
1125 913 1291 995 ‘fulguret’.

286 1025 419 1090 LXVHI
443 1030 577 1106 tisun:

358 1174 442 1226 quare
462 1159 536 1226 quod
555 1159 653 1228 scribis
674 1158 800 1214 Ueronae
818 1167 899 1228 turpe
921 1157 1026 1212 Catullo

422 1266 492 1319 esse,
511 1251 585 1319 quod
604 1253 647 1305 hio
666 1252 788 1320 quisquis
808 1253 841 1307 de
858 1253 970 1306 meliore
987 1257 1054 1305 nota

354 1343 456 1412 frigida
470 1345 577 1399 deserto
597 1344 743 1413 tepefactet
760 1345 882 1400 membra
900 1343 990 1399 cubili.

202 1464 358 1528 intellexit
386 1451 602 1529 Lachmannus
637 1465 757 1548 [comm.
789 1465 912 1529 Lucret.
943 1463 1021 1547 287]
1059 1482 1116 1545 per
1147 1463 1336 1526 latinitatem

201 1593 261 1641 non
280 1575 453 1663 squisquis’,
473 1575 533 1638 sed
560 1576 682 1656 ‘quiuis’
701 1575 864 1640 dicendum
880 1573 985 1639 luisse.
1026 1575 1107 1638 addo
1124 1591 1225 1655 neque
1243 1575 1335 1655 ‘quis-
1435 1620 1439 1628 .

203 1683 281 1766 quis’
297 1702 398 1766 neque
414 1685 537 1767 ‘quiuis’
553 1687 584 1750 in
600 1686 658 1751 loci
671 1685 1032 1767 sententiamquadrare.
1056 1685 1131 1766 quid
1147 1686 1335 1749 eniminum

201 1812 308 1858 omnes
331 1795 390 1858 loci
422 1813 482 1860 non
513 1795 609 1860 infimi
632 1795 772 1862 homines
795 1801 861 1860 turn
885 1797 1034 1878 temporis
1059 1795 1204 1860 Ueronae
1225 1801 1260 1859 ut
1282 1795 1335 1859 ab·

202 1904 356 1970 stinerent
374 1905 531 1972 amoribus
547 1907 673 1972 decuit?
695 1914 772 1988 puto
796 1908 827 1971 id
851 1907 986 1972 caelibes
1003 1912 1134 1988 tantum,
1159 1926 1219 1972 uon
1243 1908 1335 1972 etiam

166 2026 172 2038 ¹
201 2018 330 2079 maritos
353 2017 502 2080 decuisse.
547 2029 608 2080 no'n
634 2017 762 2082 dubium
794 2017 893 2098 igitur
915 2017 990 2081 mihi
1014 2023 1062 2082 est
1081 2019 1156 2099 quin
1181 2019 1336 2101 corrigen-

200 2127 273 2192 dum
297 2128 338 2190 sit
360 2128 452 2208 ‘quod
475 2126 526 2192 hio
545 2126 667 2192 uiduus
689 2129 728 2193 de
751 2129 880 2193 meliore
903 2128 998 2192 nota'.

286 2237 361 2302 ibid.
388 2243 519 2320 dlsqq.:

355 2380 442 2448 qualis
460 2379 488 2433 in
507 2380 581 2434 aerei
599 2379 743 2449 perlucens
764 2381 867 2435 uertice
886 2381 986 2434 montis

439 2475 516 2528 riuus
535 2489 661 2529 muscoso
679 2475 788 2543 prosilit
807 2489 821 2527 e
840 2474 939 2542 lapide,

368 2567 423 2635 qui,
444 2583 503 2622 cum
522 2567 556 2622 de
574 2583 662 2637 prona
680 2583 813 2636 praeceps
832 2573 876 2622 est
894 2566 964 2621 ualle
983 2567 1102 2634 uolutus,

440 2675 489 2730 per
507 2661 624 2715 medium
643 2661 719 2714 densi
737 2661 906 2738 transilitor
924 2660 1028 2729 populi.

165 2845 171 2856 .
202 2791 329 2871 egregie
351 2790 389 2853 de
412 2809 505 2854 uersu
533 2792 643 2856 ultimo
667 2791 842 2872 disputauit
872 2791 914 2854 M.
938 2790 1096 2873 Hauptius
1119 2788 1252 2872 [quaest.
1277 2790 1336 2854 Ca·

205 2901 272 2964 tull.
300 2920 330 2982 p.
355 2906 394 2965 87
405 2900 495 2984 sqq.].
541 2904 594 2983 qui
628 2903 711 2982 quod
740 2921 796 2984 pro
830 2901 936 2966 ‘densi'
960 2903 1101 2982 reposuit
1132 2901 1275 2980 ‘sensim’,
1305 2902 1336 2965 id

201 3017 286 3076 recte
310 3030 329 3074 a
351 3013 539 3093 nuperrimis
559 3013 731 3078 editoribus
755 3017 913 3092 receptum
937 3019 993 3076 est.
1040 3012 1122 3075 idem
1144 3015 1248 3076 tamen
1272 3030 1332 3076 nou

201 3121 331 3200 agnouit
347 3121 441 3186 etiam
454 3121 536 3187 illud.
551 3126 615 3205 ‘per
625 3123 770 3188 medium'
784 3140 852 3186 esse
864 3123 1054 3187 mendosum.
1071 3123 1261 3203 nequeenim
1274 3123 1336 3187 ullo

202 3236 294 3312 panto
318 3232 405 3297 riuus
426 3233 487 3297 iter
509 3233 667 3315 publicum
699 3235 834 3300 medium
868 3235 1003 3298 secuisse
1037 3235 1122 3317 (nam
1153 3233 1246 3296 aliam
1275 3251 1336 3296 non

202 3341 294 3406 uideo
315 3343 423 3406 sariam
440 3344 588 3426 uulgatae
608 3346 782 3427 scripturae
798 3345 1113 3426 interpretationem),
1138 3344 1192 3408 sed
1216 3347 1336 3408 tantum

202 3453 290 3516 iuxta
324 3453 401 3518 illud
444 3454 528 3520 lente
569 3455 674 3538 lapsus
714 3457 821 3537 itaque
855 3454 1028 3519 uiatoribus
1071 3453 1162 3518 fessis
1194 3455 1335 3519 leuamen

201 3564 384 3645 praebuisse
407 3564 467 3629 dici
491 3571 604 3646 potest.
650 3566 725 3647 quid
755 3567 917 3647 scripserit
940 3564 1081 3630 Catullus
1110 3567 1224 3631 iterum
1248 3584 1336 3631 accu-

201 3669 272 3738 rat'a
291 3675 485 3754 singularum
508 3676 699 3741 locutionum
728 3696 765 3740 er
791 3679 947 3741 contrario
969 3676 1028 3740 sibi
1053 3675 1243 3740 obstantium
1267 3694 1337 3740 con·

202 3785 365 3866 templatio
388 3785 548 3850 indicabit.
595 3788 739 3852 nimirum
761 3793 796 3850 ut
817 3787 939 3850 ‘sensim
959 3787 1081 3850 transit’
1105 3787 1152 3850 illi
1176 3790 1335 3867 ‘praeceps

203 3896 329 3960 uolutus
351 3897 407 3960 est'
431 3898 614 3978 respondet,
646 3899 692 3962 ita
721 3899 753 3962 in
776 3901 924 3978 corrupta
957 3915 1034 3961 uoce
1058 3897 1212 3960 ‘medium'
1237 3897 1336 3962 latere

203 4011 327 4088 oportet
355 4008 439 4088 quod
470 4007 514 4071 illi
548 4011 655 4089 ‘prona
688 4013 727 4073 de
751 4008 842 4072 ualle'
866 4008 1042 4090 oppositum
1065 4008 1115 4070 sit.
1161 4007 1247 4086 legas
1271 4012 1336 4090 ‘per

203 4137 349 4204 campum
372 4119 486 4182 sensim
510 4119 624 4183 transit
651 4119 712 4184 iter
734 4119 870 4200 populi’3
894 4117 932 4184 cf.
957 4117 1116 4200 Uergilius
1139 4116 1265 4201 [Georg.
1290 4118 1336 4183 III
