3032 5078
296 1513 373 1579 Cum
396 1531 519 1595 semper
541 1513 744 1577 emendandis
764 1513 956 1578 carminibus
977 1513 1022 1577 eis
1050 1530 1131 1592 quae
1163 1510 1341 1592 anthologia

213 1635 307 1708 quam
329 1641 443 1688 uocare
468 1624 683 1688 consueuimus
705 1622 804 1688 latina
835 1624 1034 1688 continentur
1065 1640 1193 1705 operam
1214 1605 1339 1700 uocaui,

212 1741 278 1798 lum
301 1732 352 1798 hic
374 1733 464 1812 quasi
488 1732 643 1798 corollarii
673 1733 740 1798 loeo
769 1732 896 1798 afferam
917 1751 999 1814 quae
1021 1750 1122 1813 neque
1142 1731 1267 1798 inutilia
1288 1749 1341 1796 ua·

210 1862 271 1926 quc
292 1842 404 1908 harum
426 1859 530 1908 rerum
553 1843 701 1908 studiosis
723 1845 847 1925 ingrata
872 1842 940 1910 fora
962 1841 1124 1909 confidam.

764 2065 789 2130 1.

294 2221 331 2286 lu
353 2219 452 2286 Riesii
474 2219 612 2303 syllogus
633 2220 792 2284 uolumine
814 2218 914 2284 altero
937 2216 981 2302 [p.
1008 2215 1161 2302 132sqq.]
1185 2218 1243 2282 hoc
1256 2218 1344 2280 extat

211 2347 353 2396 carmen:

314 2456 425 2524 Ergone
443 2455 576 2524 supremis
594 2455 685 2523 potuit
702 2471 755 2511 uox
772 2454 898 2524 improba
916 2455 1008 2510 uerbis

315 2549 381 2604 Tam
398 2548 485 2603 dirum
502 2548 630 2603 mandare
648 2548 747 2604 nefas?
766 2563 830 2618 ergo
849 2540 908 2604 ibic
919 2550 946 2602 iu
963 2549 1041 2617 ignes

316 2641 473 2711 Magnaque
492 2642 642 2709 doctiloqui
659 2643 789 2698 morietur
808 2643 888 2696 Musa
904 2640 1048 2696 Maronis?

316 2736 341 2788 A
362 2735 451 2789 scelus
470 2735 522 2788 hoc
543 2735 672 2802 dignum?
693 2735 816 2790 soluetur
833 2735 924 2790 littera
942 2733 1019 2788 diues

314 2827 352 2882 Et
369 2836 498 2898 poterunt
516 2836 640 2897 spectare
658 2827 737 2896 oculi,
755 2842 805 2881 nec
823 2841 936 2895 parcere
953 2825 1050 2881 honori

316 2919 440 2976 Flamma
458 2923 531 2976 suo?
548 2921 712 2988 ductumque
730 2919 808 2987 operi
827 2919 951 2974 seruabit
968 2917 1106 2974 amorem?

314 3013 432 3068 Pulcher
449 3014 550 3083 Apollo
570 3014 647 3068 uetal
668 3012 765 3066 Musae
783 3011 927 3079 prohibete
947 3011 1075 3067 Latinae!

315 3105 400 3162 Liber
418 3111 446 3161 et
463 3105 534 3160 alma
552 3105 643 3172 Cares,
661 3105 824 3160 succurrite!
843 3111 934 3160 uester
952 3105 981 3162 in
999 3103 1081 3159 armis

317 3196 397 3253 Miles
416 3203 484 3265 arat,
501 3206 592 3254 uester
610 3197 706 3254 docilis
725 3213 775 3267 per
792 3213 858 3252 rura
875 3198 998 3254 colonus.

315 3287 385 3343 Nam
402 3289 494 3346 docuit
513 3291 578 3360 quid
596 3307 645 3347 uer
663 3297 766 3361 ageret,
784 3290 847 3359 quid
864 3298 976 3360 cogeret
993 3296 1094 3358 aestas,
1313 3290 1346 3340 10

316 3380 388 3448 Quid
405 3387 485 3451 paler
502 3392 654 3451 autumnus,
674 3382 740 3454 quid
759 3383 856 3438 bruma
866 3384 1014 3439 nouissima
1029 3381 1122 3438 ferret.

316 3474 424 3529 Arbuta
441 3475 576 3545 formauit,
595 3477 709 3532 sociauit
727 3475 830 3530 uitium
847 3475 943 3544 ulmos,

317 3565 430 3622 Ourauit
446 3569 575 3638 pecudea,
594 3570 691 3638 apibus
711 3585 761 3625 sua
779 3577 870 3624 eastra
886 3568 997 3624 dicauit.

316 3657 393 3714 Haec
412 3659 487 3717 dedit
505 3668 535 3716 ul
552 3669 673 3731 pereant,
691 3662 780 3730 ipsum
800 3661 823 3716 si
842 3661 933 3716 dicere
950 3659 993 3715 las
1011 3663 1066 3715 est!

318 3751 382 3806 ‘Sed
399 3751 488 3820 legum
506 3758 549 3808 est
566 3754 701 3809 seruanda
717 3755 798 3823 fidea3
815 3769 941 3824 suprema
958 3754 1084 3808 uoluntas

317 3844 397 3912 Quod
418 3847 531 3901 maudut
550 3845 665 3915 fierique
684 3848 768 3916 iubet,
786 3862 883 3917 parere
902 3861 1014 3901 necesse
1031 3847 1090 3901 est’.

317 3937 469 4007 Frangatur
489 3938 580 4006 potius
597 3941 686 4009 legum
705 3941 857 3996 reuerentia
873 3946 1006 4008 potestas,

319 4029 405 4096 Quam
422 4037 464 4086 tot
480 4040 625 4100 congestos
642 4038 793 4102 noctesque
811 4033 923 4101 diesque
941 4028 1049 4087 labores

317 4123 449 4178 Hauserit
468 4138 522 4178 una
540 4125 607 4195 dies,
626 4140 806 4194 supremaque
825 4124 910 4182 uerba
926 4125 1049 4193 parentia

316 4215 451 4274 Amittaut
469 4218 600 4286 uigilasse
619 4233 703 4273 auum.
742 4218 766 4273 si
782 4216 853 4274 forle
870 4232 1022 4288 supremum
