3032 5078
651 471 747 530 ‘17

161 634 277 701 Catulli
301 634 444 700 turbasse
468 652 605 700 amorem
636 633 782 720 [ctxc1
809 655 839 702 n.
865 641 883 700 5
907 641 939 701 et
963 634 1006 719 6].
1051 639 1136 702 certe
1159 633 1294 701 Gellium

160 746 298 810 omnium
322 744 593 809 uehementissime
614 744 820 828 plurimisque
848 746 1038 811 carminibus
1059 749 1154 826 poeta
1175 746 1296 813 inuehi-

160 862 221 920 tur.
266 859 433 937 praeterea
450 855 619 935 Egnatium
642 853 681 937 [c.
698 855 847 922 XXXVII
863 861 894 921 et
909 854 1112 938 XXXVIIII],
1138 854 1294 922 Rauidnm

162 964 313 1049 [XXXX],
337 964 484 1030 Lesbium
500 963 712 1048 [LXXVIIII],
738 966 900 1043 Quintium
918 964 1090 1050 [LXXXII]
1113 972 1149 1031 ut
1163 966 1294 1031 Lesbiae

160 1075 322 1140 adulteros
345 1075 530 1156 insequitur.
578 1093 655 1156 quos
677 1075 876 1141 enumerasse
897 1074 1027 1156 sufficit,
1050 1095 1120 1142 cnm
1140 1077 1180 1141 ab
1202 1077 1294 1141 huius

161 1186 287 1266 quidem
320 1186 542 1268 disputationis
570 1185 731 1268 proposito
759 1185 896 1252 alienum
926 1186 968 1250 sit
1006 1185 1037 1252 in
1068 1185 1117 1250 his
1148 1187 1293 1252 sordibus

160 1297 279 1361 dlutius
300 1296 494 1361 commorari.
540 1313 601 1360 nno
630 1301 752 1360 tanturn
781 1296 820 1360 de
851 1295 988 1360 carmine
1016 1296 1111 1377 paulo
1139 1297 1294 1380 copiosius

161 1406 239 1471 mihi
261 1406 415 1488 agendum
439 1411 495 1470 est.
540 1405 613 1470 inde
644 1407 726 1470 enim
756 1406 838 1487 quod
862 1405 1005 1470 Lesbiam
1029 1410 1093 1470 tam
1116 1406 1237 1472 abiecte
1259 1425 1292 1472 se

165 1516 299 1597 gessisse
324 1517 443 1596 uident,
466 1516 606 1581 nonnulli
622 1516 720 1582 Riesii
743 1517 783 1580 de
806 1516 984 1580 meretricia
1006 1515 1089 1580 illius
1112 1517 1293 1583 condicione

166 1626 306 1707 opinioni
330 1625 460 1691 forsitan
480 1626 606 1707 patroni
622 1628 793 1692 extiterint.
817 1627 895 1691 bene
917 1630 1022 1690 autem
1039 1626 1292 1707 distinguendum
1345 1637 1347 1642 '

162 1745 211 1800 est
233 1737 315 1801 inter
338 1736 484 1801 feminam
507 1753 588 1817 quae
615 1753 745 1818 corpore
767 1736 861 1802 faciti
886 1741 1050 1818 quaestum
1070 1743 1102 1801 et
1125 1755 1193 1802 eam
1213 1755 1294 1819 qnae

162 1845 316 1912 effrenata
337 1847 468 1911 libidine
488 1851 559 1911 acta
581 1846 724 1910 omnibus
744 1864 813 1911 sese
831 1847 1011 1928 prostituat.
1058 1846 1086 1910 ei
1109 1853 1214 1911 antem
1240 1848 1294 1928 qui

161 1961 282 2023 ceteros
305 1956 359 2037 qni
388 1973 509 2022 amores
536 1957 715 2021 cecinerunt
744 1961 854 2038 poetas
885 1956 1015 2035 latinos,
1047 1962 1126 2037 puta
1146 1955 1293 2023 Ouidium

161 2067 320 2132 Tibullum
345 2065 544 2147 Propertium
555 2115 568 2158 ,ἢ
596 2065 675 2130 bene
713 2067 830 2132 habent
862 2067 1020 2146 cognitos,
1057 2084 1117 2131 non
1149 2067 1295 2148 ignorant

160 2195 253 2260 quam
275 2177 366 2241 multi
389 2177 452 2241 sint
474 2176 519 2240 illi
543 2176 574 2239 ln
592 2176 727 2256 querells
750 2177 789 2241 de
809 2176 984 2259 puellarum
1007 2192 1135 2240 suarum
1159 2177 1293 2243 assiduis

159 2287 326 2367 nlmiisque
341 2285 614 2367 postulationibus.
660 2287 727 2368 ipse
747 2304 870 2368 qnoque
893 2285 1051 2364 Catullus,
1076 2303 1145 2350 rum
1167 2293 1294 2368 postero

162 2401 302 2479 tempore
319 2395 397 2460 albos
416 2400 590 2460 sectaretur
606 2413 735 2475 amores,
754 2397 889 2460 carmine
904 2393 1037 2460 XXXXI
1057 2396 1175 2460 enormi
1191 2397 1293 2478 pretio

164 2507 334 2572 Ameanam
367 2523 434 2570 sese
463 2505 668 2592 uenditarum¹
694 2523 764 2570 eese
794 2505 992 2570 acerbissime
1023 2507 1165 2585 queritur
1188 2505 1240 2590 [cl.
1263 2512 1296 2574 et

162 2615 249 2699 CX];
273 2615 327 2680 sed
348 2616 380 2678 in
404 2619 452 2679 tot
466 2615 619 2695 poematis
641 2613 680 2678 ad
696 2613 841 2679 Lesbiam
864 2616 946 2680 datis
969 2615 1008 2679 de
1029 2614 1089 2679 hac
1109 2633 1144 2681 re
1167 2635 1206 2680 ue
1226 2618 1295 2682 nni·

161 2745 229 2792 cum
253 2725 379 2807 quidem
401 2725 532 2790 uerbum
552 2725 718 2805 reperitur.
764 2741 865 2806 neque
888 2725 1058 2807 quidquam
1079 2724 1118 2789 ad
1134 2725 1295 2791 stabilien-
1399 2727 1404 2736 ‘

162 2837 235 2901 darn
257 2835 445 2900 sententiam
470 2834 648 2898 Riesianam
668 2834 754 2898 ualet
777 2853 802 2898 c.
826 2833 991 2899 XXXVII:

265 2981 348 3038 Salax
365 2983 481 3038 taberna
499 2997 604 3050 uosque
622 2982 839 3052 contubernales,
928 3045 932 3048 ,

267 3091 284 3131 a
304 3077 416 3146 pileatis
433 3091 507 3131 nona
524 3074 655 3129 fratribus
672 3074 738 3143 pila,

266 3169 332 3224 solis
353 3169 455 3238 putatis
473 3183 534 3223 esse
552 3165 685 3222 mentulas
704 3168 792 3237 uobis,

266 3261 332 3316 solis
352 3262 445 3330 licere,
466 3259 598 3330 quidquid
615 3267 658 3316 est
674 3260 835 3330 puellarum,

264 3353 423 3410 confutuere
442 3362 470 3409 et
486 3361 584 3424 putare
601 3359 707 3409 ceteros
726 3353 838 3409 hircos?

266 3464 310 3517 an,
328 3447 498 3502 continenter
516 3447 591 3518 quod
609 3446 709 3501 sedetis
726 3445 825 3501 insulsi

264 3545 372 3595 centum
390 3555 424 3593 an
443 3540 560 3608 ducenti,
577 3555 631 3593 non
649 3540 752 3607 putatis
770 3553 899 3594 ausurum

265 3650 308 3689 me
328 3650 383 3688 nna
400 3633 530 3687 ducentos
549 3632 681 3686 irrumare
700 3633 843 3687 sessores?

266 3729 342 3796 atqui
360 3731 469 3795 putate:
487 3740 604 3795 namque
621 3725 705 3780 totius
726 3726 806 3780 uobis

264 3819 383 3874 frontem
399 3819 531 3873 tabernae
550 3817 740 3886 scorpionibus
758 3819 885 3875 scribam.

266 3911 360 3981 puella
377 3926 439 3966 nam
457 3912 501 3978 mi,
521 3927 590 3979 quae
607 3926 668 3966 meo
687 3912 748 3967 sinu
767 3909 849 3981 fugit,

265 4013 355 4060 amata
372 4009 476 4058 tantum
495 4010 624 4071 quantum
643 4005 778 4061 amabitur
795 4003 879 4073 nulla,

265 4114 317 4168 pro
336 4114 391 4166 qua
407 4097 472 4151 milri
489 4105 552 4153 sunt
567 4114 667 4167 magna
687 4098 761 4152 bella
778 4106 908 4168 pugnata,

266 4193 389 4248 consedit
406 4191 477 4246 istic.
513 4191 585 4245 hanc
603 4192 668 4247 boni
685 4191 816 4261 beatique

268 4302 361 4342 omnes
378 4285 484 4355 amaus,
499 4291 528 4340 et
546 4285 662 4354 quidem,
681 4286 754 4354 quod
771 4286 943 4357 indignatam,
