3032 5078
767 485 808 543 ll

220 654 267 714 tet
298 649 351 730 qni
387 649 517 714 absente
547 649 601 713 illo
642 648 773 714 Lesbiae
806 651 865 715 sibi
905 650 1079 716 cancillarit
1113 669 1260 717 amorem.
1305 653 1356 717 cni

207 760 419 836 ,coniecturae
449 775 537 823 meae
565 760 691 836 egregie
720 760 807 824 lauet
821 761 1012 826 obseruatio
1042 760 1152 825 altera.
1207 768 1240 825 ut
1271 763 1355 826 enim

220 886 327 933 omnes
349 867 490 934 homines
519 887 576 950 per
602 869 728 951 aliquod
758 877 881 954 tempus
911 877 998 936 carta
1028 869 1181 936 uocabula
1212 876 1356 936 certesue

220 969 393 1043 locutiones
414 996 492 1060 prae
513 978 585 1044 aliis
607 978 760 1046 babemus
777 982 809 1045 in
832 980 962 1060 deliciis,
986 998 1058 1045 mox
1078 979 1229 1046 obicimus
1251 982 1355 1044 nouis-

219 1105 281 1169 que
303 1088 404 1154 looum
425 1089 552 1176 damus,
584 1089 629 1153 ita
660 1089 817 1155 Catullum
848 1107 972 1172 quoque
999 1107 1056 1171 per
1076 1096 1196 1156 certum
1217 1089 1354 1171 aliquem

219 1199 368 1280 temporis
389 1202 523 1264 tractum
540 1199 683 1265 uidemus
706 1203 800 1266 certis
824 1201 929 1266 uerbis
946 1219 1035 1265 usum
1057 1201 1089 1264 in
1111 1201 1219 1281 eisque
1240 1201 1354 1265 iterum

82 1383 86 1392 ¹
161 1357 164 1362 .
222 1309 598 1390 iterumquerepetendis
627 1309 794 1374 admodum
825 1310 1014 1376 delectatum
1037 1329 1114 1375 esse.
1160 1309 1232 1374 binc
1254 1308 1352 1388 nobie,

192 1457 195 1473 ι
220 1420 273 1500 qui
291 1436 414 1484 carmen
431 1415 576 1483 LXXVII
591 1436 652 1482 non
667 1419 765 1484 multo
781 1426 921 1502 tempore
942 1428 1014 1502 post
1031 1419 1179 1484 LXVIIII’
1202 1420 1352 1501 scriptum

220 1547 289 1594 esse
312 1530 471 1606 sumimus,
495 1546 532 1594 eo
555 1528 704 1609 quodibi
726 1547 850 1612 quoque
872 1529 1109 1596 alienabis
1132 1529 1246 1594 ‘omnia
1261 1515 1356 1613 bonai

220 1638 335 1704 Lesbia
356 1635 552 1720 significatur
578 1656 639 1703 nou
671 1656 782 1721 parum
812 1641 933 1705 accedit
962 1639 1081 1704 auxilii.
1104 1675 1146 1687 -
1168 1638 1227 1708 hoc
1248 1646 1353 1704 autem

222 1747 338 1814 Catulli
362 1749 394 1814 in
417 1747 548 1814 aemulis
579 1766 656 1831 quos
684 1756 795 1832 postea
816 1750 991 1832 complures
1019 1756 1089 1814 erat
1110 1750 1275 1816 habiturus
1297 1752 1354 1815 im-

104 1887 107 1892 ·
221 1859 400 1942 pugnandis
422 1871 556 1941 apparet
579 1857 745 1926 artificium
767 1867 803 1924 ut
825 1877 877 1924 eos
909 1861 960 1926 uel
978 1859 1032 1924 ,ob
1063 1861 1203 1942 corporIs
1225 1862 1353 1927 mendas

219 1969 367 2036 ridiculos
390 1970 538 2036 redderet
559 1970 610 2036 uel
633 1970 673 2035 ob
694 1987 814 2036 morum
832 1971 1022 2052 pronitatem
1037 1969 1228 2051 contemptui
1251 1971 1352 2036 daret.

220 2082 308 2144 tanto
334 2080 417 2145 enim
437 2079 578 2145 mulieris
601 2079 784 2162 deperditae
815 2097 922 2144 amore
952 2080 1094 2147 incensus
1117 2085 1186 2145 erat
1208 2085 1244 2145 ut
1263 2099 1352 2146 num·

219 2205 313 2270 quam
336 2189 474 2254 abiceret
495 2208 583 2271 spem
614 2189 682 2256 iore
712 2195 748 2254 ut
777 2190 817 2254 ad
844 2188 957 2254 bonam
989 2188 1044 2254 illa
1072 2191 1192 2255 rediret
1220 2191 1352 2273 lrugem.

219 2299 307 2364 cuius
330 2297 455 2365 artifici
476 2300 631 2383 specimen
649 2298 797 2365 exhibent
814 2299 952 2364 carmina
967 2297 1077 2378 LXIX,
1101 2316 1163 2381 quo
1184 2301 1267 2368 Rufo
1288 2301 1353 2366 bir-

219 2427 274 2478 cus
289 2409 391 2475 faceta
406 2409 623 2491 exprobratur,
648 2414 681 2475 et
697 2407 824 2490 LVHII,
846 2427 908 2490 quo
931 2425 1001 2476 cum
1015 2409 1268 2491 despectissimae
1283 2429 1354 2476 con-

219 2520 351 2586 dicionis
373 2520 504 2588 nudiere
526 2537 591 2585 rem
614 2519 731 2586 habere
753 2517 951 2584 insimulatur
976 2518 1067 2585 idem.

306 2630 453 2696 Ceterum
476 2636 511 2697 ul
531 2630 668 2696 carmine
690 2627 782 2710 VIII,
814 2629 860 2694 ita
882 2625 1000 2695 LVIIII
1029 2635 1061 2695 el
1083 2630 1183 2696 LXIX
1203 2637 1298 2714 poeta
1319 2633 1352 2697 id

148 2775 154 2780 -
219 2741 303 2823 quod
325 2741 427 2807 uoluit
449 2745 633 2806 consecutus
656 2745 719 2806 est:
754 2758 827 2804 nam
857 2738 971 2804 Lesbia
994 2738 1075 2804 Rufo
1098 2741 1191 2806 misso
1214 2742 1297 2807 ultro
1320 2743 1352 2806 in

219 2851 355 2934 gratiam
377 2869 447 2920 cum
470 2851 524 2918 illo
547 2852 659 2933 rediit;
682 2850 721 2916 oi.
742 2869 767 2916 c.
791 2849 892 2916 cvn:

375 3028 399 3083 si
418 3028 482 3099 quoi
499 3027 564 3098 quid
582 3027 682 3097 cupido
701 3027 860 3098 optantique
878 3027 978 3096 obtigit
995 3042 1115 3096 unquam

442 3122 610 3191 imperanti,
627 3121 681 3179 hoc
698 3127 741 3177 est
759 3126 867 3190 matum
887 3121 977 3176 anImo
995 3119 1117 3189 proprIe.

375 3229 460 3282 quare
477 3215 531 3269 hoc
549 3220 590 3269 est
610 3219 726 3284 gratum,
746 3215 842 3285 quouis
861 3229 969 3284 quoque
989 3215 1079 3270 carius
1097 3229 1172 3282 auro,

422 3307 518 3378 ·quod
536 3313 564 3363 te
584 3306 716 3375 restituis,
734 3307 842 3374 Lesbia,
860 3307 897 3362 mi
915 3307 1022 3377 cupido.

373 3401 497 3459 restituis
515 3400 613 3471 cupido
634 3407 718 3470 stoue
734 3400 895 3469 insperanti
913 3400 975 3470 ipsa
992 3400 1080 3456 refers
1098 3405 1126 3456 te

444 3495 532 3564 nobis,
552 3511 568 3552 o
586 3495 674 3552 lucem
692 3493 852 3549 candidiore
868 3495 947 3550 notai

374 3589 434 3657 quis
453 3602 496 3643 me
516 3604 569 3644 uuo
589 3587 658 3643 uiuit
676 3586 785 3642 felicior
801 3592 849 3642 ant
866 3585 952 3656 magis
971 3586 1023 3640 bac
1041 3600 1087 3640 res

443 3681 577 3749 optandas
594 3681 652 3737 uita
671 3681 761 3736 dicere
780 3695 849 3748 quas
868 3677 993 3747 poterit?

218 3847 303 3927 quod
332 3863 456 3911 carmen
484 3846 601 3927 gaudio
630 3844 764 3909 Lesbiae
792 3843 854 3908 sibi
876 3844 1043 3908 restitutae
1072 3843 1190 3908 receuti
1227 3846 1352 3924 poemm

218 3955 384 4036 scripsisse
401 3961 499 4037 patet.
544 3955 639 4037 paulo
669 3955 752 4019 enim
781 3957 853 4035 post
884 3970 944 4016 uon
978 3953 1045 4018 sine
1075 3954 1188 4018 acerba
1215 3952 1351 4032 quadam

219 4064 303 4130 illins
325 4063 477 4146 perfidiae
499 4066 649 4132 memoria
677 4069 712 4128 ul
732 4063 881 4143 persistat
912 4063 943 4128 in
965 4061 1027 4130 fide
1047 4063 1195 4128 admonet
1216 4062 1352 4144 puellam

218 4175 356 4242 carmine
378 4174 458 4242 CIX.
