3032 5078
741 433 783 494 24

193 602 307 686 plicem
330 603 498 668 ueritatem
521 619 691 684 agnoscere
721 601 879 668 maluisse.
926 605 958 665 et
986 601 1065 666 satis
1098 600 1176 666 mihi
1206 602 1329 664 constat

195 711 355 795 Hyginum
385 711 561 777 doctrinam
601 712 739 778 iactandi
771 729 864 776 causa
899 709 1084 776 Callimachi
1114 727 1225 774 nomen
1261 707 1329 773 ubi·

194 839 256 903 que
271 821 421 903 posuisse,
447 839 516 886 cnm
534 821 681 885 carminis
696 821 900 888 Callimachei
917 821 1062 886 notitiam
1080 837 1118 884 ex
1131 837 1195 884 una
1211 817 1329 884 Catulli

193 931 338 996 uersione
367 931 517 995 hauserit.
563 948 622 994 non
655 949 753 1014 urgeo
786 930 865 995 illud
900 929 1121 1011 ‘magnanima’
1153 947 1169 992 e
1203 927 1328 994 Catullo

194 1039 237 1124 [u.
259 1041 313 1124 26]
336 1043 516 1122 sumptum:
541 1038 603 1104 duo
627 1040 819 1120 certissima,
842 1041 902 1106 nisi
925 1040 1034 1120 fallor,
1057 1040 1200 1104 lectionis
1221 1037 1328 1104 Catul-

194 1151 298 1215 lianae
320 1150 457 1230 uestigia
479 1148 604 1229 adsunt,
628 1168 740 1232 nempe
757 1152 856 1216 uerba
881 1152 998 1216 ‘Asiam
1014 1153 1231 1232 oppugnatum
1255 1165 1326 1230 pro-

195 1259 296 1326 fectus
319 1261 410 1326 esset’
434 1261 489 1342 (z
508 1279 538 1324 u.
565 1264 603 1325 13
629 1263 800 1326 ‘uastatum
822 1259 893 1326 finis
916 1263 1021 1327 inerat
1045 1259 1213 1343 Assyrios')
1235 1264 1265 1323 et
1290 1258 1326 1322 ‘si

194 1370 296 1436 uictor
325 1369 525 1435 Ptolomaeus
553 1371 695 1436 redisset'
718 1371 772 1453 (z
793 1389 823 1434 u.
849 1375 888 1436 3⁴5
911 1372 947 1436 ’si
975 1372 1112 1436 reditum
1135 1368 1326 1451 tetulisset').

194 1499 267 1545 nam
289 1484 396 1545 cetera
418 1497 501 1560 quae
519 1481 694 1546 narrationi
716 1481 849 1545 inseruit
872 1499 910 1545 ex
931 1482 1094 1547 doctorum
1118 1481 1150 1544 in
1170 1479 1327 1545 Catullum

194 1590 427 1655 commentariis
450 1589 610 1672 Hyginum
631 1590 747 1672 petisse
769 1597 856 1672 puto.

279 1700 423 1763 Alterum
445 1699 622 1782 exemplum
644 1702 775 1782 praebet
790 1700 960 1766 scholiasta
978 1699 1154 1778 Bernensis,
1178 1698 1233 1778 qui
1250 1697 1327 1762 haec

196 1830 233 1875 ex
263 1810 370 1874 Iunilii
409 1808 461 1893 [cf.
491 1809 641 1890 Hagcnus
676 1831 706 1893 p.
740 1811 816 1896 703]
851 1810 1086 1876 commentariis
1122 1813 1249 1890 sumpta
1285 1809 1326 1872 ad

194 1921 289 2002 Uerg.
311 1920 366 1985 Ge.
381 1920 426 1985 IV
442 1924 502 1984 289
520 1919 563 2004 [p.
578 1921 655 2005 971]
669 1921 810 1986 exhibet:
833 1920 992 2001 ‘Phaselis
1016 1938 1114 2002 genus
1127 1919 1259 1984 nauium
1282 1919 1328 2000 pi·

195 2035 326 2103 starum.
372 2033 454 2096 sicus
482 2031 636 2112 phasillus
666 2032 719 2097 ille
741 2050 836 2113 quern
865 2033 975 2112 agiunt
999 2038 1160 2098 auctorem
1183 2049 1251 2094 esse
1273 2049 1327 2095 na·

194 2143 283 2208 nium
312 2121 508 2228 calaetarum
536 2143 747 2224 (‘celaturum’
776 2142 869 2208 Bern.
900 2142 981 2224 167),
1014 2159 1109 2222 quern
1140 2140 1252 2206 habuit
1273 2140 1328 2204 ho-

194 2271 265 2334 spes
288 2251 443 2317 Serenus'.
488 2256 520 2317 et
549 2253 595 2318 ita
625 2254 753 2335 quidem
773 2227 914 2321 codices.
960 2255 1015 2335 qui
1042 2253 1129 2318 locus
1158 2256 1327 2332 postquam

194 2362 361 2428 infeliciter
401 2362 441 2428 ab
471 2362 644 2428 editoribus
679 2368 834 2430 tractatus
867 2371 931 2445 est,
972 2382 1031 2428 non
1069 2361 1170 2426 multo
1203 2359 1326 2426 felicius

196 2473 236 2537 ab
268 2473 408 2554 Hauptio
440 2473 561 2556 [Herm.
594 2473 638 2538 IV
668 2494 699 2556 p.
734 2475 865 2559 334qu
894 2479 1066 2556 temptatus
1097 2479 1144 2537 est
1166 2473 1211 2536 ita
1242 2471 1332 2536 ‘sicut

194 2583 342 2665 phaselus
366 2583 419 2648 ille
441 2602 536 2665 quem
555 2584 600 2648 ait
616 2589 727 2650 auctor
742 2604 810 2650 esse
827 2586 957 2649 nauium
975 2581 1194 2661 celerrimum,
1220 2599 1330 2663 quam-

196 2712 290 2775 quam
320 2695 493 2758 rectissime
515 2694 567 2758 ille
585 2697 725 2761 restituit
749 2694 978 2761 ‘celerrimum'.
1023 2695 1055 2759 in
1079 2713 1115 2758 co
1138 2693 1221 2757 enim
1246 2691 1330 2773 quod

67 2825 70 2836 ¹
195 2804 349 2869 traditum
367 2809 414 2868 est
427 2805 531 2885 ‘quem
550 2805 670 2885 aginnt'
688 2805 733 2870 nil
747 2807 827 2871 latet
840 2807 901 2870 nisi
921 2808 1024 2887 ‘quem
1042 2803 1158 2884 aiunt'3
1182 2802 1260 2868 illud
1274 2820 1330 2866 au-

197 2920 260 2978 tem
285 2914 466 2978 ‘auctorem'
497 2914 602 2995 inepto
632 2931 652 2979 a
679 2915 810 2980 librario
840 2916 1031 2982 inculcatum
1062 2933 1130 2978 esse
1161 2918 1328 2995 procerte

194 3023 303 3088 habeo.
349 3022 427 3088 haec
446 3024 544 3103 igitur
566 3025 698 3090 restituo
728 3026 818 3091 ‘sicut
850 3025 997 3106 phaselus
1028 3024 1082 3088 ille
1113 3041 1208 3104 quem
1239 3025 1330 3089 aiunt

195 3153 262 3200 esse
282 3133 414 3199 nauium
435 3134 652 3199 celerrimum’.
699 3137 745 3200 ita
765 3141 873 3201 autem
896 3136 979 3216 apud
996 3134 1156 3200 Catullum
1179 3115 1329 3214 corrupte

194 3245 311 3324 legitur
332 3245 364 3308 in
387 3242 560 3308 Ueronensi
587 3246 685 3309 ‘aiunt
704 3245 801 3310 fuisse
822 3247 953 3312 nauium
977 3243 1197 3310 celerrimum’.
1244 3244 1328 3324 quod

71 3385 74 3390 ·
195 3355 311 3420 adiecit
331 3354 465 3418 Iunilius
489 3357 593 3435 ‘quem
610 3356 722 3421 habuit
745 3355 857 3438 bospos
876 3355 1032 3434 Serenus,
1057 3355 1125 3420 eius
1148 3355 1194 3418 rei
1217 3354 1327 3418 itidem

195 3464 249 3529 ille
272 3483 310 3529 ex
339 3466 565 3530 commentario
588 3467 726 3547 quodam
748 3468 780 3531 in
805 3466 964 3532 Catullum
988 3465 1161 3546 composito
1184 3465 1329 3530 notitiam

194 3575 338 3658 sumpsit.

281 3685 349 3750 Hoc
385 3685 482 3765 igitur
519 3685 688 3750 tenendum
719 3693 767 3751 est
797 3686 912 3752 Uatulli
950 3686 1066 3751 librum
1098 3687 1163 3750 iam
1194 3690 1329 3749 exeunte

194 3795 386 3876 antiquitate
408 3793 474 3858 iere
493 3795 602 3860 eadem
629 3814 693 3877 qua
716 3797 747 3860 in
763 3797 935 3862 Ueronensi
958 3796 1158 3878 corruptione
1179 3793 1328 3860 affectum

195 3907 298 3970 luisse.
344 3906 471 3970 uidetur
500 3911 608 3970 antem
639 3908 851 3973 condicionem
880 3907 947 3973 eius
970 3907 1166 3989 deploratam
1197 3905 1328 3969 misera-

195 4021 245 4079 tus
270 4018 495 4096 grammaticus
527 4017 656 4098 quidam
690 4016 963 4099 (Symmachorum
995 4016 1130 4081 fortasse
1158 4017 1276 4097 aetate)
1297 4016 1354 4109 (ιίΧ

194 4127 388 4192 emendando
405 4127 573 4192 studuisse.
618 4133 703 4192 certe
728 4127 814 4192 clara
839 4134 1014 4211 apertaque
1037 4127 1136 4192 critici
1159 4127 1324 4190 cuiusdam

195 4239 289 4318 signa
311 4239 490 4302 etiamnunc
512 4244 689 4319 supersunt.
734 4238 776 4302 LI
799 4256 829 4303 u.
856 4244 869 4303 l
903 4238 929 4304 V
955 4238 1032 4302 haec
1051 4237 1147 4302 habet
1168 4237 1231 4302 ‘ille
1251 4237 1328 4302 mihi
