3032 5078
761 469 801 528 10

386 657 454 715 1111
471 654 563 703 tamen
581 651 633 704 etsi
651 663 706 704 uuo
724 665 779 705 non
797 659 839 706 est
857 657 985 708 contenta
1002 652 1119 718 UatnUo,

456 753 520 798 rara
540 743 712 799 uerecundae
733 741 808 798 furta
824 742 942 800 feremus
961 745 1052 800 herae.

214 852 332 918 habent
351 855 434 920 enim
450 853 528 921 haee
551 856 646 922 uerba
669 857 751 938 quod
769 858 892 922 mirere.
937 875 1010 923 num
1026 857 1168 923 Catullus
1191 859 1253 924 iam
1275 865 1347 924 aute

213 963 332 1029 Romae
354 963 456 1032 adhuc
478 967 593 1046 degens
613 965 746 1032 Lesbiae
769 966 933 1050 perfidiam
954 974 1101 1050 expertus
1124 969 1216 1034 erat?
1252 969 1346 1034 talem

213 1075 400 1140 sententiam
431 1095 471 1142 ne
491 1094 659 1159 sequamur
689 1083 777 1144 uetat
800 1078 913 1143 indolis
937 1084 1131 1160 naturaeque
1149 1078 1346 1144 Catullianae

214 1185 447 1267 contemplatio.
493 1205 530 1252 ex
559 1205 621 1268 quo
651 1190 733 1254 enim
772 1194 912 1270 tempore
951 1188 1065 1254 Lesbia
1093 1196 1128 1254 ut
1164 1189 1237 1254 olim
1266 1190 1344 1270 uiro,

213 1295 259 1360 ita
280 1297 414 1360 amatori
436 1314 560 1378 quoque
581 1296 674 1364 fidem
699 1299 841 1377 laeserat,
866 1298 917 1364 hio
933 1298 1005 1364 licet
1026 1300 1244 1366 reconciliatus
1259 1319 1346 1365 uum-

213 1421 306 1486 quam
327 1406 463 1472 iuiuriae
483 1425 502 1471 a
524 1407 631 1489 puella
654 1409 744 1476 unice
767 1414 872 1474 amata
901 1408 960 1474 sibi
984 1409 1103 1474 inlatae
1125 1411 1204 1475 adeo
1227 1411 1346 1477 oblitas

213 1520 261 1580 est
282 1522 317 1581 nt
337 1517 476 1582 earmina
497 1518 629 1582 eundem
660 1537 752 1599 quem
782 1537 810 1614 1.
830 1519 870 1597 11,
895 1519 951 1600 111,
977 1520 1013 1600 V,
1040 1519 1098 1585 VH
1114 1500 1262 1587 ¹amorem
1283 1523 1346 1586 sin·

213 1643 319 1692 cerum
343 1627 498 1709 spirantia
520 1626 560 1692 ad
583 1646 652 1694 eam
680 1629 780 1693 daret.
825 1629 919 1694 talem
951 1635 1055 1696 autem
1084 1648 1222 1696 amorem
1244 1633 1346 1698 adhuc

212 1737 312 1820 spirat
337 1737 392 1802 illa
423 1738 569 1804 carminis
599 1737 746 1804 va111b
782 1757 856 1822 pars
878 1739 1095 1822 pulcherrimis
1124 1741 1241 1824 quique
1272 1761 1345 1808 uere

213 1846 319 1913 oeulos
340 1854 472 1929 pascant
494 1849 650 1916 coloribus
671 1867 797 1931 sparsa,
828 1868 890 1931 qua
912 1850 1056 1915 Lesbiam
1080 1869 1149 1916 eum
1172 1852 1345 1922 Laudamia

212 1957 354 2023 contulit.
399 1959 553 2041 quomodo
579 1976 635 2025 nos
664 1958 741 2025 haee
772 1961 854 2024 inter
889 1979 923 2026 se
953 1961 1128 2042 pugnantia
1158 1963 1345 2044 iungemus?

211 2068 267 2148 ita,
290 2074 377 2150 puto,
405 2075 442 2134 ut
462 2068 618 2135 Ueronam
641 2087 795 2136 rumorem
824 2071 863 2135 11
891 2070 1022 2136 Lesbiae
1049 2069 1182 2153 perfidia
1204 2073 1344 2140 adlatum

212 2195 280 2244 esse
299 2185 485 2245 statuamus.
528 2179 605 2246 haec
622 2179 718 2260 igitur
739 2193 885 2244 uersuum
906 2175 1029 2239 illorum
1046 2175 1155 2241 euadit
1170 2177 1343 2242 sentent-ia:

211 2303 399 2370 quamquam
422 2285 559 2372 puellam
581 2307 681 2355 meam
704 2289 813 2354 audiui
835 2307 885 2354 me
904 2305 966 2352 uno
989 2303 1050 2350 nun
1074 2303 1141 2350 esse
1156 2291 1343 2367 contentam,

212 2404 317 2465 tamen
338 2399 471 2465 lunonis
492 2401 592 2465 instar
614 2400 697 2466 illius
714 2398 800 2464 furta
816 2399 973 2481 patienter
996 2396 1104 2477 feram,
1128 2397 1219 2462 modo
1243 2396 1344 2462 famae

211 2515 321 2592 parcat
343 2527 477 2591 raraque
499 2518 615 2592 peccet.
660 2517 734 2576 aunt
763 2514 868 2575 antem
900 2508 979 2574 haec
1008 2507 1106 2572 uerba
1134 2514 1169 2572 ut
1201 2508 1268 2572 eius
1290 2509 1345 2590 qui

212 2637 352 2686 rumores
376 2627 505 2702 spernat
527 2638 627 2702 neque
656 2628 691 2686 ut
720 2639 811 2688 ueros
842 2639 894 2686 eos
925 2618 1033 2684 credat
1063 2635 1083 2682 a
1112 2635 1146 2683 11
1174 2619 1343 2700 impetrare

210 2730 318 2811 possit,
343 2730 389 2795 ita
408 2731 560 2797 eiusmodi
584 2736 619 2796 ut
642 2732 681 2797 ad
704 2729 796 2796 fidem
823 2728 1009 2796 seruandam
1031 2729 1146 2793 leniter
1168 2729 1269 2794 uelint
1289 2730 1343 2794 ad·

211 2839 346 2905 monere.
370 2846 508 2906 ceterum
529 2841 587 2907 hoc
605 2858 729 2923 quoque
745 2841 828 2906 unde
850 2857 990 2904 rumores
1010 2839 1086 2903 istos
1109 2839 1263 2920 acceperit
1286 2839 1344 2904 Ca-

211 2949 317 3030 tullus,
342 2951 521 3018 oouiectura
551 2968 715 3034 possumus
735 2951 874 3033 adsequi.
919 2950 1056 3016 carmine
1080 2950 1162 3014 enim
1184 2947 1342 3029 LXVIII·,

212 3076 274 3141 quo
294 3059 414 3126 Manlio
437 3063 537 3128 amico
560 3062 737 3144 respondet,
762 3081 792 3126 u.
816 3065 930 3143 27sqq.
953 3059 1030 3124 haee
1051 3060 1201 3141 legimus:
1278 3125 1288 3138 ,

419 3215 504 3272 qnare
523 3203 596 3278 quod
617 3203 714 3260 scribis
732 3203 859 3258 Ueronae
876 3211 958 3271 turpe
977 3201 1082 3258 Catullo

490 3313 559 3366 1111,
578 3298 653 3367 1111
669 3298 715 3354 hic
733 3297 822 3366 quinia
839 3296 873 3350 de
892 3295 1004 3351 meliore
1021 3304 1089 3352 nota

417 3391 517 3460 frigida
534 3391 643 3447 deserto
661 3389 810 3460 tepefactet
826 3390 948 3445 membra
966 3389 1058 3458 cubili,

486 3485 523 3554 id,
543 3485 637 3553 Manli,
655 3501 711 3540 uon
731 3491 773 3540 est
791 3489 881 3554 turpe,
900 3483 987 3551 magis
1004 3483 1169 3538 miserumst.

212 3611 244 3677 in
267 3612 380 3694 quibus
402 3614 506 3680 uerbis
538 3613 614 3679 nihil
648 3629 791 3680 curamus
822 3615 1010 3694 interpretes
1040 3612 1183 3677 uoculam
1209 3613 1279 3678 ‘hio’
1303 3595 1342 3677 ad

213 3721 321 3788 urbem
342 3723 489 3804 Romam,
518 3725 601 3790 unde
623 3723 742 3792 scilicet
762 3723 873 3789 Manlii
896 3722 1032 3804 epistula
1054 3723 1096 3786 sit
1122 3723 1231 3802 missa,
1263 3723 1344 3788 rele-

211 3837 331 3912 rentes,
364 3853 432 3900 cum
462 3853 523 3899 non
543 3835 643 3918 possit
674 3834 729 3900 illa
757 3833 868 3899 referri
897 3833 958 3899 nisi
980 3833 1020 3897 11
1043 3833 1076 3897 11
1098 3833 1182 3914 1111
1203 3833 1344 3913 proximo

211 3944 372 4023 praecedit
396 3943 568 4010 Ueronae.
614 3963 707 4028 quam
738 3950 842 4010 autem
872 3961 997 4010 causam
1027 3943 1125 4008 fnisse
1148 3944 1286 4009 dicemus
1309 3949 1344 4006 ut

212 4053 365 4135 Manlius,
397 4056 447 4119 uir
467 4058 582 4122 amissa
603 4057 734 4134 coniuge
765 4055 830 4140 [uu.
857 4054 952 4138 1-6]
974 4054 1124 4120 tristitiae
1147 4055 1344 4135 maerorique

212 4163 363 4245 traditus,
388 4163 544 4231 Catullum
568 4185 606 4232 ne
629 4167 762 4249 amplius
790 4166 919 4246 degeret
942 4165 1087 4232 Ueronae
1109 4163 1342 4243 adhortaretur,

212 4274 329 4357 quippe
357 4293 418 4356 quo
449 4276 481 4340 in
513 4276 629 4359 oppido
659 4295 761 4342 mores
789 4275 891 4344 adhuc
920 4274 1042 4356 antiqui
1073 4263 1217 4355 uigerent
1244 4292 1345 4356 neque
