3032 5078
757 451 798 512 28

218 615 250 681 Τ
269 618 374 684 ‘tertia
396 620 497 701 patris
526 637 601 700 pars
622 625 669 684 est
693 621 768 684 data
790 619 885 683 tertia
914 619 1030 699 matri,
1057 621 1086 684 0
1110 627 1215 684 autem
1239 620 1348 684 ‘tercia

211 745 286 810 pars
307 729 391 810 patri
414 733 461 792 est
484 729 560 793 data
576 731 675 794 tercia
693 730 796 795 matri’
819 730 937 810 legunt,
960 729 1045 793 unde
1067 731 1143 794 nera
1156 729 1250 794 lectio
1273 733 1348 795 ‘ter-

212 838 341 921 tiapars
352 838 445 920 patri,
464 856 537 920 pars
549 839 790 904 estdatatertia
807 839 911 903 matri’
922 838 1015 904 facile
1030 840 1178 904 nascitur.
1201 839 1263 904 iam
1274 838 1349 905 uide

212 947 288 1014 mibi
310 967 404 1029 quarn
426 948 519 1030 longe
540 948 579 1013 ab
606 947 680 1013 OT
696 949 844 1014 recedant
869 947 944 1012 cl)
966 947 1044 1015 haec
1065 950 1250 1030 praebentes
1275 952 1347 1014 ‘ter-

213 1058 259 1122 tia
280 1075 354 1141 pars
378 1059 462 1141 patri
492 1057 584 1138 data,
615 1077 689 1141 pars
716 1060 792 1123 data
814 1059 910 1124 tertia
932 1059 1046 1123 matri‘.
1091 1059 1161 1140 quis
1191 1065 1295 1126 autem
1315 1059 1347 1122 in

211 1169 260 1234 his
276 1187 338 1234 non
352 1169 491 1249 agnoscit
505 1168 739 1251 interpolatoris
755 1169 903 1233 manum?
921 1205 960 1216 —
972 1169 1107 1250 donique
1122 1189 1151 1233 u.
1167 1173 1205 1233 ln
1230 1167 1347 1248 Tlegit

213 1280 376 1362 ‘adspicite
399 1279 549 1362 innuptae
571 1297 675 1345 secum
697 1284 733 1343 ut
755 1279 1131 1360 meditatorequaerunt'‚
1158 1276 1232 1344 ΘΙ)
1254 1277 1347 1360 ’aspi-

211 1392 273 1456 cite
302 1391 516 1471 innuptaeque
544 1408 648 1454 secum
678 1395 714 1454 ut
753 1390 906 1456 meditare
947 1389 1102 1471 querunt’.
1155 1388 1348 1468 intellegitur

212 1506 317 1566 autem
339 1501 410 1564 miri
434 1499 518 1564 illius
539 1500 773 1580 ‘innuptaeque'
802 1501 890 1580 origo
919 1518 957 1564 en
979 1501 1135 1577 scriptura
1157 1498 1197 1562 ab
1223 1499 1348 1580 Osop-

213 1610 356 1694 peditatu
380 1611 540 1692 ‘innuptae
556 1616 712 1690 quaerunt
734 1629 837 1676 secum
861 1614 896 1674 ut
912 1609 1065 1675 meditare
1086 1609 1263 1691 quaerunt'.
1288 1609 1346 1672 ita—

213 1739 274 1802 que
296 1722 328 1785 in
355 1719 389 1800 V,
413 1737 504 1801 quem
520 1721 634 1785 iterum
659 1722 689 1784 0
705 1721 880 1788 accuratius
894 1724 1119 1802 repraesentat,
1144 1719 1344 1800 dittograpbe

213 1828 290 1896 illud
315 1830 489 1911 ‘quaerunt’
513 1835 676 1895 exaratum
695 1830 772 1896 luit:
796 1832 829 1894 in
849 1829 923 1894 Gi)
936 1831 1049 1895 uitium
1062 1828 1255 1895 intellectum
1276 1830 1346 1910 qui-

213 1940 293 2021 dam,
318 1957 379 2004 oon
402 1943 487 2006 recte
509 1945 613 2006 tamen
636 1945 781 2005 sanatum
803 1944 860 2005 est.

298 2049 375 2115 Cum
398 2056 504 2116 autern
529 2051 609 2116 Oin
631 2052 767 2115 carmine
789 2049 877 2114 LXII
898 2050 990 2131 longe
1012 2050 1155 2133 pluribus
1177 2051 1253 2115 locis
1275 2068 1343 2114 cum

214 2159 288 2225 01)
311 2177 405 2241 quam
437 2176 505 2223 cum
534 2167 565 2223 Τ
592 2159 688 2226 iaciat
710 2173 751 2206 -²-
782 2160 880 2226 ueluti
907 2161 1025 2225 omittit
1054 2179 1123 2226 cum
1158 2160 1221 2224 illis
1249 2177 1279 2223 u.
1306 2163 1346 2222 14

212 2307 264 2348 -‚
285 2289 324 2335 ne
350 2271 379 2334 0
410 2288 449 2335 cx
477 2269 539 2334 alio
567 2270 653 2336 fonte
681 2288 773 2351 quam
802 2289 840 2334 ex
868 2271 936 2352 ipso
972 2269 1003 2334 V
1026 2267 1152 2335 fluxisse
1170 2274 1346 2335 statuamus

213 2386 365 2446 uetamur.
389 2383 539 2461 quattuor
555 2381 651 2462 igitur
665 2381 741 2447 locis
760 2377 849 2444 Oita
863 2398 931 2444 curn
952 2378 984 2443 Τ
1001 2383 1107 2461 potius
1123 2397 1216 2461 quam
1232 2398 1300 2444 cum
1319 2380 1347 2443 G

214 2489 248 2554 D
265 2491 419 2556 consentit
438 2495 473 2555 ut
488 2490 740 2574 interpolationis
757 2491 891 2573 suspicio
907 2491 1015 2572 procul
1031 2491 1221 2555 remouenda
1243 2490 1286 2554 sit
1307 2488 1346 2554 ab

183 2652 185 2656 ,
214 2599 278 2666 illo.
325 2605 357 2665 et
378 2599 483 2665 hercle
505 2605 552 2665 tot
577 2600 700 2666 librarii
723 2601 882 2667 erroribus
910 2600 1122 2665 leuidensibus
1147 2600 1177 2665 0
1201 2599 1347 2680 inquina-

212 2716 263 2777 tus
283 2717 331 2776 est
353 2716 389 2775 nt
409 2711 476 2775 eius
514 2711 646 2777 scribam
668 2713 794 2793 linguae
819 2712 937 2776 latinae
960 2729 1072 2792 parmn
1098 2728 1230 2791 gnarum
1249 2709 1345 2775 fuisse

211 2819 304 2887 facile
326 2822 543 2904 perspiciatur.
590 2823 696 2886 multis
718 2825 823 2886 autem
848 2820 997 2902 exemplis
1011 2827 1116 2903 potest
1137 2822 1346 2886 demonstrari

214 2949 284 2996 eum
316 2931 476 3014 archetypi
506 2932 619 2998 ductus
648 2933 737 3013 quasi
769 2931 964 3014 depinxisse3
995 2931 1094 2996 ueluti
1125 2931 1281 2996 litterulas
1310 2932 1345 2994 ‘r’

214 3045 247 3104 et
270 3040 304 3105 ‘s’
326 3041 358 3104 in
381 3041 537 3123 scriptura
560 3042 784 3123 langobardica
810 3042 892 3108 inter
913 3060 947 3106 se
968 3042 1141 3106 simillimas
1163 3041 1344 3125 saepissime

213 3149 372 3230 confudit3
405 3151 443 3216 cf.
475 3170 500 3217 c.
523 3152 594 3217 LXI
625 3155 664 3215 42
689 3151 834 3216 ‘citaries'
866 3151 1018 3235 (citarier)
1050 3157 1090 3217 70
1119 3151 1345 3234 ‘comperarics'

210 3261 456 3344 (compararier).
503 3266 537 3326 ut
559 3263 652 3344 plane
675 3262 880 3343 quodsentio
904 3263 1021 3334 dicam,
1055 3247 1180 3328 uidetur
1204 3262 1278 3327 mibi
1317 3263 1346 3326 0

215 3372 297 3435 inter
326 3370 423 3437 libros
454 3371 647 3438 Catullianos
676 3372 808 3436 eundem
839 3372 939 3438 locum
962 3373 1106 3455 optinere
1134 3391 1226 3455 quern
1248 3373 1345 3438 codex

81 3495 87 3504 ·
214 3481 408 3565 Upsalionsis
438 3501 539 3565 nuper
569 3501 588 3547 a
609 3501 660 3549 me
690 3483 722 3546 in
745 3483 845 3549 lucem
864 3487 1043 3565 protractus
1066 3483 1150 3547 inter
1173 3482 1344 3565 Panegyri-

212 3611 318 3660 corum
348 3593 516 3658 latinorum
550 3593 691 3658 codices:
725 3593 871 3657 nimirum
903 3590 934 3654 0
965 3611 1043 3658 unus
1080 3591 1228 3674 solusque
1266 3585 1346 3658 liber

211 3722 293 3769 nunc
315 3704 441 3786 quidem
465 3708 512 3767 est
535 3704 587 3784 qui
604 3703 686 3766 omni
710 3708 842 3783 aparte
866 3702 905 3765 ab
929 3703 1182 3784 interpolationis
1204 3704 1275 3769 labe
1298 3704 1345 3768 in-

210 3815 313 3879 munis
335 3815 386 3879 sit.

298 3924 419 4001 Quibus
437 3924 587 4005 expositis
609 3923 687 4001 iam,
711 3927 804 4003 puto,
836 3923 875 3987 de
896 3922 969 3988 libri
996 3920 1148 4005 Opretio
1172 3923 1249 3988 mihi
1273 3941 1345 3989 con-

212 4035 349 4102 cedetur.
395 4039 430 4100 ut
444 4040 552 4124 autem
572 4034 603 4097 in
623 4051 647 4098 c.
665 4031 759 4112 LXII,
783 4033 829 4096 ita
850 4034 881 4098 in
906 4034 1036 4116 reliquis
1051 4032 1167 4099 Catulli
1189 4035 1345 4115 poematis

212 4151 262 4210 sat
289 4144 379 4209 multi
409 4145 613 4209 inueniuntur
641 4143 700 4208 loci
731 4143 844 4224 quibus
879 4147 908 4208 0
941 4145 992 4210 uel
1023 4161 1132 4208 uerum
1163 4144 1263 4225 ipsum
1294 4143 1345 4207 uel
