3032 5078
760 465 904 544 aa·

214 627 346 694 LXVIII
374 629 551 712 49itcrum
580 630 715 712 scriptus
745 635 802 694 est.
847 631 878 695 in
905 627 1064 696 Oautem
1094 635 1228 710 uterque
1250 631 1348 696 semel

128 731 131 738 ’
216 745 339 806 tantum
361 740 496 821 scriptus
519 745 575 819 est,
601 745 633 803 et
653 739 732 804 falso
753 741 878 821 quidam
900 741 977 806 loco.
1023 745 1056 834 et
1076 739 1146 823 hac
1162 757 1290 820 quoqne
1315 740 1348 803 in

215 868 249 914 re
276 846 308 914 0
337 850 426 915 nobis
456 848 487 912 V
510 851 643 916 reddere
671 867 788 931 pronus
817 869 885 916 sum
915 857 951 914 ut
973 849 1118 933 credam3
1141 866 1213 913 nam
1236 848 1290 930 qui
1319 847 1350 912 G

216 960 368 1040 excreuit,
392 978 460 1025 cum
483 977 612 1041 prauam
636 978 783 1025 uersuum
802 961 928 1026 illorum
950 959 1185 1026 collocationem
1207 959 1347 1023 animad-

214 1075 369 1148 uerteret,
401 1071 466 1134 suis
489 1088 542 1135 eos
569 1070 646 1136 locIs
664 1069 813 1136 reddidit.
858 1071 920 1136 iam
943 1070 1079 1136 concedo
1101 1070 1183 1135 idem
1207 1069 1347 1150 potuisse

215 1180 246 1243 in
267 1177 303 1241 D
324 1197 381 1244 sua
403 1186 516 1262 sponte
546 1178 630 1262 fieri;
661 1197 739 1260 nego
762 1183 866 1245 tamen
897 1181 961 1246 ullo
990 1181 1081 1246 modo
1109 1177 1178 1246 lieri
1204 1180 1347 1261 potuisse

217 1294 254 1354 ut
275 1289 367 1354 simul
390 1295 422 1354 et
451 1290 482 1355 in
511 1288 541 1354 G
564 1295 596 1354 et
618 1291 650 1353 in
675 1287 710 1351 D
731 1307 768 1354 eo
791 1290 859 1356 loeo
877 1289 934 1355 nbi
957 1289 1036 1356 false
1058 1290 1105 1355 illi
1128 1290 1276 1370 leguntur
1299 1308 1348 1354 re-

214 1399 442 1481 linquerentur.
487 1401 581 1464 immo
607 1406 740 1482 apparet
776 1418 904 1482 perse,
935 1400 1098 1466 librarium
1121 1413 1345 1482 quemcumque

215 1510 386 1576 uersiculos
408 1509 494 1589 istos,
517 1515 684 1592 postquam
713 1510 744 1575 in
768 1511 939 1592 genuinum
960 1510 1062 1577 locum
1084 1511 1234 1592 restituit,
1257 1509 1351 1584 adul,

216 1621 318 1684 lerino
341 1618 447 1684 delere
471 1620 624 1686 debuisse.
669 1625 841 1703 potuerunt
869 1620 914 1686 ibi
941 1621 1079 1702 relinqui
1100 1638 1157 1702 per
1179 1619 1346 1703 neglegen-

216 1730 293 1794 tiam
316 1729 472 1810 quandam
495 1731 535 1796 ab
559 1748 621 1796 uno
644 1731 792 1812 librario;
816 1735 850 1795 at
867 1731 903 1796 in
926 1731 1047 1796 duobus
1070 1731 1228 1797 codicibus
1250 1732 1344 1814 plane

217 1841 327 1906 eodem
348 1840 440 1906 modo
462 1839 506 1905 sic
528 1846 689 1922 peccatum
704 1857 772 1908 esse
788 1841 932 1921 equidem
955 1841 1081 1906 minime
1103 1842 1206 1906 credo.
1251 1843 1344 1908 immo

216 1950 289 2016 hinc
310 1969 434 2032 quoque
456 1949 649 2032 intellegitur
673 1949 708 2014 D
728 1969 768 2014 err
795 1947 825 2016 G
845 1947 981 2015 fluxisse.

301 2060 434 2124 Restare
449 2059 552 2126 adbuc
565 2062 685 2142 aliquot
698 2060 900 2127 difficultates
916 2061 1010 2126 aliud
1020 2060 1121 2126 uideri
1137 2073 1229 2143 posse
1245 2060 1342 2142 probe

213 2171 287 2236 scio.
332 2188 405 2235 nam
426 2172 557 2235 miretur
579 2172 734 2254 quispiam
764 2172 847 2254 quod
878 2171 1034 2236 interdum
1063 2171 1114 2236 bic
1141 2173 1192 2237 uel
1214 2170 1270 2236 ille
1292 2171 1347 2237 de-

212 2282 365 2346 teriorum
396 2279 448 2363 (d)
471 2299 541 2346 cum
568 2279 600 2344 0
620 2288 729 2346 contra
758 2280 830 2346 GD
849 2281 933 2348 facit.
978 2299 1147 2363 numquam
1178 2287 1284 2347 autem
1314 2282 1347 2346 in

212 2391 447 2472 quaestionibus
470 2397 534 2456 tam
556 2392 684 2458 lubricis
707 2392 954 2459 obliuiscendum
978 2397 1026 2456 est
1043 2410 1135 2474 posse
1159 2392 1347 2473 aliquotiens

213 2501 291 2566 duos
313 2501 406 2583 plane
428 2501 572 2567 diuersae
594 2503 703 2584 stirpis
726 2503 847 2569 codices
877 2504 908 2567 in
932 2502 1096 2584 scripturis
1120 2519 1200 2583 quae
1220 2519 1240 2565 a
1261 2506 1344 2567 oete·

214 2631 320 2679 rorum
342 2612 493 2676 memoria
515 2613 664 2680 recedant
687 2614 862 2678 consentire
892 2631 928 2678 eo
958 2613 1042 2694 qnod
1063 2613 1227 2694 utriusque
1249 2611 1344 2677 libra-

213 2724 279 2789 rius
302 2724 334 2787 in
357 2721 561 2788 describendo
593 2725 625 2788 in
655 2725 790 2790 eundem
819 2723 930 2788 incidit
956 2740 1103 2788 errorem.
1148 2726 1181 2788 et
1203 2723 1242 2788 ob
1263 2721 1345 2788 hanc

213 2851 338 2900 causam
367 2834 541 2915 scripturae
572 2833 711 2898 uarietas
740 2835 772 2898 in
803 2831 839 2895 D
858 2828 939 2897 GO
967 2833 1150 2898 admoram
1178 2832 1344 2914 orthogra-

105 3011 109 3017 ,
213 2943 319 3026 pbiam
350 2948 494 3024 spectans
515 2943 640 3024 aliaque
668 2943 796 3008 leuioris
818 2943 967 3008 momenti
990 2960 1118 3024 prorsus
1137 2942 1181 3008 ab
1202 2941 1261 3008 hac
1282 2943 1344 3008 dis-

213 3055 378 3137 putatione
408 3053 600 3118 excludenda
634 3059 716 3118 sunt.
767 3071 861 3134 porro
897 3057 1002 3135 potest
1041 3053 1162 3118 duobus
1198 3053 1343 3118 diuersae

214 3164 346 3246 originis
368 3163 456 3228 libris
477 3164 523 3227 ita
544 3163 575 3227 in
599 3168 686 3229 recta
708 3165 815 3245 aliqua
836 3163 970 3228 lectione
991 3164 1160 3229 conuenire
1183 3168 1221 3228 nt
1239 3168 1343 3228 tamen

214 3277 249 3342 in
273 3276 426 3340 alterutro
448 3291 486 3340 ea
510 3293 548 3339 err
571 3274 749 3340 coniectura
779 3272 900 3339 librarii
932 3273 1030 3338 inlata
1051 3274 1102 3337 slt.
1146 3273 1225 3339 nibli
1247 3274 1344 3355 igitur
1421 3311 1427 3318 -

212 3385 300 3452 ualet
320 3384 344 3448 d
365 3384 441 3450 locis
457 3384 613 3450 nonnullis
636 3401 699 3449 una
721 3402 790 3449 cnm
808 3381 840 3446 0
853 3388 962 3450 contra
989 3381 1063 3447 (Η)
1085 3389 1204 3449 rectum
1222 3389 1344 3462 tenere3

213 3514 315 3578 neque
338 3496 420 3561 enim
444 3495 476 3562 id
498 3495 530 3559 in
552 3494 576 3558 d
598 3514 635 3560 ex
666 3492 698 3557 V
715 3494 884 3573 traditum,
913 3494 969 3559 scd
1002 3511 1041 3558 ex
1067 3511 1154 3558 mera
1176 3492 1345 3575 interpola-

214 3609 300 3674 tione
321 3612 481 3689 receptum
503 3606 678 3687 putandum
702 3610 758 3669 est.
804 3605 950 3670 nimirum
970 3623 1030 3670 non
1045 3604 1120 3685 quid
1137 3602 1196 3670 bnc
1218 3602 1268 3666 nel
1291 3601 1346 3667 illo

214 3720 290 3799 loco,
315 3718 369 3782 sed
393 3717 468 3797 qnid
492 3715 635 3798 plurimis
657 3715 732 3780 locis
755 3715 862 3795 eisque
886 3732 967 3795 quae
990 3715 1030 3780 ad
1054 3713 1133 3779 tales
1148 3713 1347 3796 quaestiones

213 3834 403 3896 momentum
426 3825 544 3890 iaciant
566 3825 639 3890 libri
661 3843 732 3890 mss
755 3823 928 3906 praebeant
951 3824 1223 3906 contemplandum
1246 3826 1304 3888 est.

300 3939 337 4002 In
362 3938 407 4002 eis
429 3955 509 4018 quae
531 3935 691 4017 hucusque
714 3935 943 4015 disputauimus
966 3954 1072 4002 eorum
1095 3935 1250 4012 locorum,
1279 3931 1349 4013 qui-

219 4052 276 4114 bus
296 4050 470 4129 scripturae
488 4047 656 4112 diuersitas
675 4046 707 4109 in
723 4042 758 4107 D
772 4042 802 4107 G
813 4041 845 4108 0
867 4063 906 4109 ex
928 4045 1018 4110 uaria
1040 4062 1121 4127 quae
1143 4045 1176 4108 in
1206 4039 1238 4105 V
1254 4059 1349 4123 super

216 4159 299 4224 linea
322 4159 432 4224 addita
454 4163 523 4222 erat
545 4156 678 4221 lectione
700 4157 873 4236 repetenda
897 4161 953 4237 est,
977 4155 1095 4222 nullam
1111 4154 1277 4220 habuimus
1297 4169 1349 4218 ra·
