3032 5078
717 475 756 534 33

208 638 311 704 LXIII
337 644 374 702 17
400 640 556 706 ‘euirastis
584 639 660 704 Gd:
687 641 849 707 ‘enitentis’
880 639 954 704 OD
970 659 1076 723 praue.

210 749 311 815 LXIV
336 754 397 815 130
429 750 556 816 ‘dlxisse
583 752 744 817 maestam’
788 750 832 815 G:
876 753 1035 816 ‘maestam
1066 751 1191 817 dixisse’
1230 750 1305 815 OD
1425 798 1428 830 ,

396 865 490 926 reete.

256 1007 272 1039 o
334 974 395 1035 308
420 970 613 1036 ‘inunxerat'
645 969 725 1036 Gd:
752 971 940 1036 ‘iutInxerat'
969 968 1042 1034 OD
1063 988 1171 1051 praue.

210 1078 311 1144 LXVI
330 1083 370 1144 63
397 1080 588 1147 ‘uiridulum'
618 1079 691 1146 Gd:
717 1081 899 1147 ‘uindulum’
927 1079 995 1145 Od.

210 1187 341 1254 LXVIII
369 1194 407 1255 12
432 1193 497 1256 ‘seu
520 1190 577 1256 me’
602 1196 649 1254 G:
681 1193 753 1256 ‘neu
774 1191 834 1259 me’
862 1189 936 1254 OD
957 1194 1050 1256 recte.

267 1335 284 1368 o
368 1304 408 1366 40
433 1299 594 1366 ‘differem’
624 1300 670 1366 G:
695 1300 871 1368 ‘dillerrem'
900 1298 974 1363 OD
996 1304 1089 1364 recte.

212 1407 340 1475 LXXVI
363 1414 401 1475 15
427 1417 459 1476 et
481 1415 519 1475 16
544 1411 619 1477 ‘heo'
647 1411 694 1476 G:
720 1411 796 1478 ‘hoe'
823 1409 897 1474 OD
918 1416 1011 1476 recte.
1111 1489 1114 1498 ⁴

210 1518 310 1584 XGVI
333 1525 351 1585 5
377 1521 477 1586 ‘dolor
499 1521 556 1586 est'
587 1519 664 1586 Gd:
690 1523 808 1588 ‘dolore
831 1522 887 1587 est'
916 1519 985 1586 Od.

211 1629 277 1694 02
301 1631 529 1696 ‘uerenensum’
558 1629 634 1695 Gd:
658 1631 891 1696 ‘treronensum'
920 1627 989 1694 Od.

220 1791 236 1823 „
261 1745 279 1804 6
305 1744 362 1808 ‘est
385 1742 522 1824 exigilur
544 1741 601 1807 est'
629 1739 704 1806 Gd:
731 1747 787 1808 ‘est
810 1742 906 1823 igitur
928 1741 984 1806 est'
1013 1738 1156 1823 Od(‘est
1179 1740 1299 1822 Igitur,

398 1853 462 1916 alia
483 1851 529 1934 d).
759 1851 761 1856 ’

212 1959 294 2025 018
319 1962 467 2026 ‘munera'
497 1961 574 2026 Ga:
598 1961 746 2026 ‘munere’
774 1957 853 2025 OD
875 1966 967 2027 recte.

212 2055 313 2135 CXIII
337 2070 476 2136 ‘monilia’
505 2071 550 2136 G:
576 2072 717 2138 ‘metilia’
744 2068 829 2137 OD.

276 2291 334 2355 His
353 2296 459 2356 autem
482 2291 576 2372 locis,
611 2293 724 2373 quibus
751 2293 784 2356 in
811 2291 846 2355 D
870 2297 926 2358 aut
950 2311 968 2357 e
990 2293 1170 2359 coniectura
1192 2292 1301 2358 eadem

168 2417 246 2466 uera
266 2400 360 2467 IeatIo
384 2406 440 2466 aut
459 2419 566 2466 errore
595 2402 717 2467 librarii
744 2403 826 2467 idem
848 2402 961 2466 uItIum
984 2407 1079 2484 atque
1101 2403 1133 2467 in
1162 2400 1301 2466 Oinue-

167 2510 272 2590 ulter,
306 2512 369 2577 noli
390 2512 437 2576 ita
459 2517 637 2578 contrane
660 2512 706 2576 uti
729 2517 764 2576 ut
788 2510 823 2574 D
845 2529 977 2593 quoque,
1002 2517 1112 2595 utpote
1135 2529 1173 2576 ex
1196 2511 1302 2592 aliquo

168 2621 250 2687 libro
273 2622 401 2688 derecta
422 2622 475 2687 uia
498 2641 536 2687 ex
564 2619 596 2684 V
612 2621 752 2703 profecto
768 2621 951 2705 descriptoa
975 2621 1136 2705 archetypi
1152 2621 1302 2688 lectiones

168 2730 221 2796 hle
243 2733 308 2798 illie
330 2751 474 2798 seruasse
488 2736 619 2797 statuas.
643 2732 737 2796 talem
760 2733 842 2798 enim
864 2733 1052 2798 sententiam
1067 2732 1232 2813 quomInus
1254 2749 1302 2796 se-

168 2860 315 2932 quamur
329 2842 475 2925 prohibet
504 2847 552 2908 101
583 2825 752 2908 lectionum
782 2845 812 2908 in
851 2841 881 2907 G
888 2841 923 2905 D
950 2842 1042 2908 simul
1074 2842 1182 2908 eodem
1210 2841 1302 2908 modo

164 2952 235 3017 siue
258 2957 475 3035 corruptarum
494 2953 562 3017 siue
586 2958 696 3034 aperte
718 2954 977 3036 interpolatorum
1001 2958 1109 3020 contra
1130 2950 1302 3018 0001000-

167 3081 230 3128 sus.
275 3081 349 3128 num
371 3069 465 3144 porro
488 3068 580 3144 putas
603 3063 643 3126 ad
674 3059 706 3124 V
723 3062 921 3130 referendum
944 3083 1012 3130 esse
1036 3063 1119 3148 quod
1141 3066 1212 3145 post
1234 3080 1302 3128 ear-

167 3174 260 3238 minis
282 3171 382 3236 LXIV
407 3190 533 3238 uersum
556 3176 616 3238 322
639 3173 671 3237 10
695 3171 730 3235 D
752 3173 810 3240 hoc
829 3174 1063 3257 interscriptum
1085 3173 1200 3254 legItur
1217 3171 1302 3254 ‘Epi-

169 3283 319 3350 talamiou
334 3282 464 3348 thetidis
486 3289 518 3348 et
531 3283 647 3365 pelei?
670 3301 740 3347 nam
756 3284 787 3349 in
809 3280 848 3363 O,
873 3285 926 3366 qui
949 3283 1191 3350 accuratinsime-
1204 3280 1302 3348 Vde·

169 3393 305 3475 scripsit,
326 3392 453 3458 nullum.
469 3395 614 3475 spetlum,
636 3394 724 3458 nulla
745 3395 908 3476 inscriptio
931 3399 1107 3477 comparet,
1128 3394 1183 3458 sed
1206 3411 1245 3458 ex
1273 3391 1303 3456 G

168 3503 316 3569 nimitum
345 3505 442 3569 mirus
472 3504 525 3570 ille
548 3499 659 3569 titulus
687 3506 876 3586 repetendus
898 3509 961 3585 est,
995 3505 1082 3570 euius
1105 3505 1137 3569 iu
1161 3504 1302 3584 margine

166 3613 224 3678 hoa
255 3617 342 3678 extat
372 3614 617 3697 ‘epithalamium
638 3613 767 3679 thetidis
790 3621 822 3680 et
852 3615 955 3698 pelei’.
989 3621 1027 3684 et
1049 3616 1173 3680 omuino
1196 3631 1301 3679 omnes

166 3741 245 3805 quas
267 3724 392 3806 singula
424 3725 562 3790 earmina
591 3726 623 3788 in
657 3723 692 3787 D
713 3743 790 3806 prae
813 3743 847 3790 se
869 3724 974 3791 ferunt
997 3725 1215 3806 Inscriptiones
1235 3723 1302 3806 ple·

166 3849 298 3915 rumque
320 3834 473 3900 ridiculae
503 3829 541 3901 ex
569 3834 793 3901 Gfluxerunt:
828 3854 900 3900 nem
931 3837 962 3901 in
990 3833 1147 3900 Ouullae
1176 3835 1300 3900 omnino

165 3948 327 4026 apparent.
371 3949 538 4027 praeterea
560 3963 620 4010 non
640 3944 732 4027 parui
755 3946 903 4010 momenti
926 3946 966 4011 ad
988 3945 1069 4012 hanc
1086 3947 1301 4027 quaestionem

165 4061 239 4119 sunt
267 4073 376 4120 uersus
406 4055 522 4120 LXVII
545 4059 583 4118 21
618 4055 806 4138 ‘languidior
836 4062 944 4121 tenera
974 4057 1024 4121 cui
1045 4056 1164 4138 pudens
1187 4055 1248 4140 [ita
1270 4056 1301 4120 (i

170 4161 214 4247 O]
235 4165 334 4230 sirule
361 4166 444 4231 bete’
468 4171 501 4230 et
525 4165 657 4230 LXVIII
689 4171 727 4231 16
759 4167 934 4232 ‘iocundum
968 4171 1105 4232 cometas
1133 4161 1246 4233 florida
1265 4173 1301 4232 ut

165 4275 293 4358 ageret,
328 4295 461 4358 quorum
487 4277 573 4359 prior
603 4277 635 4341 in
671 4275 745 4340 GD
773 4282 844 4360 post
874 4275 974 4342 LXIV
1007 4280 1085 4359 386,
1117 4278 1199 4344 alter
1227 4282 1299 4360 post
1383 4371 1387 4378 ἡ

1036 4399 1052 4450 3
