3032 5078
769 463 807 523 16

221 614 304 696 scius
337 636 419 695 esset
451 632 484 695 in
518 648 574 696 sua
603 631 741 696 carmina
773 630 893 695 intendi
931 629 1064 709 crimen,
1110 630 1212 694 iocose
1251 633 1284 693 ut
1315 629 1356 693 ad

221 741 357 823 puellam
382 741 516 806 iocosam
539 739 671 820 Uolusii,
695 746 808 822 poetae
830 757 866 804 re
888 757 965 804 uera
986 739 1122 822 pessimi,
1152 739 1280 804 annales
1302 757 1357 802 uo-

220 855 288 916 tum
311 869 368 934 pro
391 850 446 915 illa
464 850 624 916 soluturos
647 868 715 918 esse
737 851 907 932 rescripsit.

307 960 390 1025 Huic
411 977 505 1042 porro
528 962 662 1044 tempori
685 961 908 1026 uindicandum
931 964 979 1026 est
1001 977 1026 1026 c.
1049 958 1150 1024 LXX:

441 1101 517 1158 Nulli
533 1117 562 1160 sc
580 1101 646 1158 dicit
665 1103 762 1160 mulier
778 1119 839 1160 mea
856 1102 960 1157 nubere
977 1100 1060 1156 malle

515 1210 595 1265 quam
612 1196 689 1264 mihi,
706 1211 762 1251 non
780 1197 805 1250 si
822 1211 851 1250 se
872 1195 995 1263 Iuppiter
1012 1193 1072 1262 ipse
1089 1198 1175 1261 petat.

443 1286 521 1358 dicit3
540 1287 588 1344 sed
605 1289 703 1344 mulier
721 1289 820 1359 cupido
839 1286 914 1357 quod
931 1286 997 1342 dicit
1014 1287 1118 1340 amanti

511 1382 540 1436 in
558 1390 640 1438 uento
657 1388 686 1437 et
703 1382 800 1452 rapida
817 1381 937 1436 scribere
955 1386 1063 1450 oportet
1081 1393 1160 1446 aqua.

222 1509 386 1590 quaeritur
417 1514 522 1575 autern
546 1511 701 1593 quomodo
731 1530 762 1576 u.
787 1515 805 1576 2
828 1510 964 1576 nubendi
989 1511 1123 1580 uerbum
1139 1509 1181 1572 sit
1204 1507 1357 1589 accipien-

222 1619 305 1684 dum.
351 1622 434 1701 quod
459 1621 539 1686 enim
564 1626 657 1703 poeta
681 1621 825 1687 Lesbiam
848 1622 1009 1687 mulierem
1037 1637 1125 1684 suam
1147 1617 1295 1700 appellat,
1318 1618 1357 1683 il·

223 1728 277 1793 lud
302 1729 424 1796 dicendi
446 1749 544 1812 genus
567 1733 709 1813 sequitur
740 1751 801 1814 quo
831 1739 987 1798 amatores
1017 1730 1129 1812 puellis
1159 1727 1356 1793 blandientes

225 1841 366 1922 speciosa
396 1840 472 1905 dare
501 1843 628 1906 nomina
658 1842 769 1907 solent.
814 1849 850 1908 ut
879 1848 984 1908 cutem
1006 1840 1066 1905 boc
1095 1841 1195 1922 ipsum
1217 1835 1358 1902 mulieris

223 1950 409 2016 uocabulum
432 1969 492 2015 non
514 1953 616 2018 minus
633 1960 729 2034 atque
751 1953 783 2017 id
802 1954 884 2036 quod
899 1953 1041 2033 sequitur
1065 1951 1101 2015 ‘si
1123 1951 1266 2032 Iuppiter
1288 1949 1356 2030 ipse

222 2060 331 2143 petat',
355 2061 400 2124 ita
423 2061 538 2126 aratoris
566 2064 619 2144 qui
652 2063 734 2126 inter
765 2063 836 2128 illos
857 2062 1033 2127 intercessit
1056 2060 1277 2142 contemplatio
1301 2076 1357 2124 nos

223 2175 334 2235 uetant
356 2171 522 2251 quominus
545 2172 682 2238 nubendi
712 2172 843 2237 uerbum
860 2151 1020 2237 ⁴translate
1041 2171 1178 2254 positum
1200 2174 1355 2252 putemus,

223 2281 314 2362 quasi
336 2280 452 2346 Lesbia
480 2287 546 2345 tum
568 2283 704 2364 primum
734 2301 768 2348 se
798 2281 875 2348 dara
904 2282 1038 2347 aniatori
1058 2280 1204 2346 uoluerit.
1249 2279 1357 2361 itaque

222 2409 285 2456 non
309 2391 349 2456 de
371 2392 512 2474 innuptis
535 2398 571 2456 ut
590 2393 697 2474 aiunt,
721 2393 775 2457 sed
799 2393 839 2457 de
860 2393 945 2458 ueris
967 2392 1086 2473 nuptiis
1108 2390 1253 2456 Lesbiam
1274 2390 1358 2471 cogi-

224 2505 308 2567 tasse
332 2502 520 2568 censendum
543 2505 600 2568 est.
645 2504 729 2568 unde
757 2503 824 2568 eius
847 2503 995 2568 maritum
1021 2508 1086 2567 turn
1116 2501 1266 2583 temporis
1296 2518 1357 2564 non

222 2611 285 2676 iam
306 2613 389 2678 inter
411 2613 502 2676 uiuos
525 2611 621 2678 fuisse
645 2613 861 2694 comperimus.
905 2612 978 2678 hinc
1000 2618 1105 2678 autem
1127 2611 1219 2676 simul
1234 2610 1357 2676 intelle-

222 2725 308 2805 gitur
327 2742 388 2788 non
412 2740 504 2805 posse
529 2740 554 2788 c.
577 2722 663 2788 LXX
684 2727 758 2788 ante
778 2723 926 2788 vafllb
949 2723 1100 2805 scriptum
1123 2741 1207 2802 osse,
1241 2722 1356 2804 quippe

223 2850 284 2915 quo
316 2833 360 2918 [u.
395 2833 469 2917 146]
493 2834 598 2898 mariti
630 2833 714 2899 illius
738 2836 897 2914 tamquam
920 2834 985 2898 uiui
1016 2832 1072 2898 fiat
1094 2835 1355 2900 commemoratio.

222 2962 316 3026 porro
351 2962 420 3010 cum
443 2961 546 3026 neque
572 2944 683 3008 ultimo
714 2945 747 3008 in
777 2942 894 3008 Catulli
923 2949 955 3009 et
984 2943 1117 3010 Lesbiae
1144 2961 1250 3010 amore
1279 2949 1357 3010 tcm-

222 3055 292 3137 pori
314 3073 340 3120 c.
362 3053 447 3119 LXX
467 3055 567 3137 possit
588 3054 728 3133 attribui,
755 3054 871 3135 quippe
893 3053 935 3118 ad
956 3055 1039 3136 quod
1061 3060 1172 3135 aperte
1193 3072 1218 3119 c.
1240 3053 1357 3119 LXXlI

224 3165 359 3231 ‘dicebas
382 3163 539 3246 quondam
562 3164 662 3256 solum
683 3170 715 3229 te
738 3183 829 3228 nosse
847 3164 1014 3230 Getullum’
1036 3164 1192 3246 respiciat,
1216 3163 1357 3245 proxime

222 3281 295 3358 post
316 3278 488 3340 amantium
516 3275 801 3341 reconciliationem
831 3275 908 3340 illud
939 3275 1355 3357 compositum‘statuemus.

224 3421 265 3434 -
281 3392 418 3453 ceterum
434 3384 584 3467 Catullus
609 3387 662 3468 qui
685 3386 851 3452 aLesbiae
873 3384 935 3451 fide
957 3403 1013 3451 suo
1035 3386 1103 3450 iure
1124 3384 1205 3450 malo
1220 3385 1354 3477 timeret,

223 3496 367 3563 uersibus
389 3513 485 3578 supra
506 3496 622 3564 adlatis
644 3516 664 3562 a
689 3496 825 3562 nubendi
848 3496 977 3562 oonsilio
1001 3494 1088 3561 illam
1110 3494 1280 3560 demouere
1301 3513 1356 3560 uo-

221 3609 317 3673 luisse
338 3609 473 3673 uidetur.

310 3717 400 3795 Quod
422 3718 538 3784 Lesbia
560 3736 628 3783 cum
659 3718 691 3782 in
722 3718 857 3799 gratiam
886 3717 1005 3781 rediret
1034 3733 1103 3779 oum
1125 3720 1220 3797 poeta
1241 3713 1356 3796 promi-

222 3835 309 3894 serat
339 3835 500 3894 aetcrnum
531 3828 614 3894 buno
642 3827 710 3892 foro
743 3845 878 3892 amorem
901 3825 939 3908 [c.
964 3824 1062 3908 ClX],
1095 3826 1127 3889 id
1150 3843 1212 3889 non
1235 3826 1356 3889 sincere

222 3957 325 4021 neque
347 3941 509 4005 exanimo
531 3939 729 4021 promiserat.
773 3956 844 4002 mox
875 3938 956 4001 onim
979 3938 1040 4001 iam
1061 3954 1122 4000 non
1146 3953 1207 3999 uno
1233 3939 1288 3998 aut
1310 3933 1355 3998 al-

222 4056 291 4116 tero
313 4050 440 4114 moecho
461 4055 609 4115 contenta
632 4047 774 4113 omnibus
797 4046 927 4128 uulgare
953 4064 1065 4129 corpus
1088 4045 1199 4126 coepit.
1244 4062 1355 4127 parum

223 4163 348 4244 quidem
369 4163 501 4226 interest
524 4162 605 4227 scire
627 4177 690 4240 qua
709 4159 791 4223 serie
817 4164 912 4240 atque
942 4159 1051 4224 ordino
1074 4157 1164 4221 nouis
1186 4155 1242 4218 illa
1263 4173 1354 4220 uaca-

222 4275 305 4341 nerit
341 4272 550 4354 amatoribus;
588 4272 713 4337 uidetur
749 4275 854 4336 tamen
892 4268 1014 4336 Gellius
1042 4268 1211 4350 praecipue
1241 4267 1355 4332 iterum
