3032 5078
744 461 784 520 76

301 633 329 684 ct
346 626 436 683 dactus
453 631 519 694 post
536 624 593 682 iata
611 641 711 683 nocens
730 627 804 696 quod
822 627 939 684 iusserat
955 629 1011 700 ille,

302 733 337 788 sit
355 731 474 788 uetuisse
491 745 592 786 meum:
611 745 688 784 sacer
707 737 749 785 est
766 736 830 800 post
848 710 973 800 tempora
990 733 1072 787 uitae.

301 835 384 889 immo
401 833 438 890 sit
454 840 581 888 aeternus
599 837 658 888 tota
674 838 820 888 resonante
839 833 956 888 Camena

302 952 411 992 carmen
430 937 502 992 etin
519 936 624 1006 populo
641 936 698 991 diui
716 937 767 991 sub
785 935 894 992 nomine
911 952 1012 992 numen

299 1038 426 1093 laudetur
445 1040 536 1109 uigeat
552 1039 661 1109 placeat
678 1040 818 1110 relegatur
837 1041 956 1096 ametur!

196 1248 276 1297 terna
292 1247 456 1297 resonautae
474 1243 610 1310 (resonate
633 1241 667 1311 U)
686 1259 797 1299 camena
816 1244 874 1297 PU
890 1245 902 1312 ll
921 1247 1103 1315 dbpmittant
1120 1244 1181 1296 PU
1198 1245 1201 1310 Ι
1222 1242 1331 1298 nomine

199 1349 298 1389 numen
316 1336 428 1404 scripsi:
447 1335 555 1390 numine
579 1351 677 1390 nomen
699 1338 721 1388 B
740 1339 752 1404 ll
770 1339 808 1392 46
831 1337 924 1406 uigeat
946 1337 1053 1405 placeat
1070 1338 1106 1390 B:
1130 1337 1239 1406 placeat
1255 1335 1332 1391 uiuat

197 1429 222 1480 P
236 1427 267 1482 U.

1024 1494 1038 1524 0

770 1635 809 1700 11.

283 1787 390 1854 Paroa
412 1789 467 1854 illa
496 1808 577 1871 quae
598 1808 679 1855 nune
702 1790 883 1872 anthologia
912 1793 1012 1856 latina
1041 1791 1241 1856 continentur
1262 1807 1330 1855 car·

198 1899 284 1962 mina
305 1901 385 1964 miro
416 1918 511 1983 saepe
541 1918 615 1965 casu
643 1901 683 1964 ad
719 1919 776 1965 nos
811 1907 1033 1983 peruenerunt.
1080 1900 1177 1966 ueluti
1208 1899 1330 1964 librarii

198 2015 270 2094 post
293 2010 419 2075 maioris
439 2011 575 2078 ambitus
598 2028 706 2092 opera,
731 2012 821 2092 siqua
844 2013 970 2092 pagina.
983 2012 1158 2094 paginaeue
1179 2029 1253 2092 pars
1275 2028 1330 2075 ua-

198 2136 256 2184 cua
279 2125 356 2198 erat,
379 2126 444 2184 tum
468 2119 552 2186 haud
575 2140 647 2186 raro
671 2121 841 2186 uersiculos
864 2122 934 2186 illos
956 2127 992 2186 ut
1008 2121 1171 2204 explerent
1193 2121 1328 2202 spatium

197 2230 228 2292 iu
260 2247 350 2293 usum
382 2229 546 2295 uocabant.
599 2231 765 2296 admodum
797 2238 901 2296 autem
934 2231 1097 2313 probabile
1127 2235 1175 2295 est
1212 2231 1330 2295 saeculi

197 2339 308 2404 decimi
330 2340 432 2421 quinti
454 2341 561 2407 doctos
583 2339 681 2406 Italos
704 2343 757 2424 qni
775 2342 864 2406 libris
887 2359 957 2406 mss.
980 2358 1040 2405 uon
1056 2340 1166 2423 paucis
1189 2340 1238 2405 usi
1257 2344 1340 2404 sunt.

196 2467 278 2518 nune
298 2451 471 2532 deperditis
495 2451 646 2517 eiusmodi
671 2452 829 2534 poematia
851 2452 950 2517 multa
967 2451 1125 2534 reperisse
1141 2455 1329 2532 repertaque

197 2561 406 2643 descripsisse.
452 2559 515 2624 tale
532 2567 580 2625 est
595 2562 678 2644 quod
693 2580 750 2643 ego
765 2562 935 2643 aliquando
950 2563 982 2628 in
1000 2562 1107 2627 codice
1124 2560 1330 2626 Riccardiano

197 2674 280 2736 2939
301 2687 381 2736 saec.
404 2669 461 2736 XV
484 2670 619 2752 plurima
640 2672 792 2737 Italorum
813 2673 880 2738 eius
903 2673 973 2737 aeui
999 2676 1164 2754 poetarum
1187 2671 1331 2736 carmina

197 2781 368 2846 continenti
392 2780 602 2863 deprehendi:

572 3002 720 3068 Incerti
749 3003 949 3068 auctoris:

335 3153 461 3209 Baiarum
479 3154 543 3209 dum
559 3153 631 3209 forte
649 3154 724 3223 capit
741 3155 791 3209 sub
809 3154 938 3208 mollibus
955 3155 1058 3209 umbris

313 3293 318 3298 .
402 3247 492 3301 fessus
512 3247 597 3300 Amor
614 3262 735 3302 somnum
753 3263 887 3303 murmure
905 3253 1001 3317 captus
1019 3263 1115 3317 aquae,

334 3339 395 3406 ipsa
412 3338 499 3394 facem
517 3354 663 3395 accurrens
681 3340 774 3409 gelida
792 3340 893 3396 celauit
910 3341 939 3395 in
957 3341 1038 3410 unda,

404 3438 433 3486 ut
450 3440 557 3489 ueteres
575 3431 697 3488 flammas
715 3433 844 3502 uindicet,
862 3432 934 3489 alma
953 3433 1055 3490 Uenus.
1251 3506 1255 3512 1

334 3541 415 3594 quam
436 3525 550 3595 primum
568 3526 659 3596 liquor
676 3526 724 3582 ille
742 3532 869 3582 aeternos
888 3507 1008 3596 concipit
1025 3527 1112 3597 ignes,
1313 3533 1329 3583 5

402 3620 465 3688 igne
482 3636 554 3674 nouo
573 3620 708 3688 (quisnam
726 3620 883 3688 crederctll
903 3620 972 3673 arsit
990 3635 1068 3689 aqua.

334 3712 521 3767 flammicomis
538 3713 623 3781 igitur
638 3712 743 3768 fumant
759 3713 829 3768 haec
846 3712 945 3766 balnea
963 3711 1090 3782 lymphis,

403 3805 476 3872 quod
495 3805 584 3860 facula
602 3822 657 3862 una
674 3822 767 3862 omnes
786 3805 873 3861 uincit
894 3806 1004 3860 Amoris
1024 3822 1118 3875 aquas.

196 3933 313 4016 legitur
335 3955 364 4000 u.
392 3939 410 4000 3
435 3937 596 4002 ‘accurres'
620 3943 652 4002 et
671 3956 701 4001 u.
725 3941 743 4001 6
769 3937 858 4002 ‘arsit
878 3937 996 4017 aquas'.
1020 3974 1062 3985 -
1084 3956 1160 4003 uere
1183 3940 1330 4020 antiquos

197 4061 264 4110 esse
285 4045 341 4110 bos
362 4064 471 4110 uersus
493 4065 561 4112 aum
585 4065 635 4113 res
658 4049 726 4129 ipsa
738 4048 861 4126 clamat,
886 4052 952 4112 tum
969 4048 1060 4113 docet
1082 4049 1246 4131 inscriptio
1271 4051 1328 4114 ‘in-

197 4155 274 4220 certi
297 4156 443 4222 auctoris’
475 4158 559 4239 (nam
590 4157 779 4223 carminibus
808 4159 939 4224 noulciis
967 4176 1041 4224 suus
1066 4175 1189 4241 semper
1220 4166 1330 4226 auctor·

202 4265 378 4346 adscriptus
398 4265 459 4350 est)
481 4272 511 4332 et
535 4268 566 4333 id
590 4270 672 4350 quod
687 4269 829 4350 sequitur
851 4286 974 4335 carmen
999 4268 1107 4334 itidem
1131 4269 1255 4336 ‘Incerti
1276 4288 1330 4335 au-
