3032 5078
754 483 791 544 12

207 652 330 734 quode
353 653 489 718 carmine
518 670 608 718 nemo
639 650 705 718 fere
730 657 817 717 reela
847 651 1007 717 iudicauil.
1053 651 1203 734 scriptum
1232 657 1337 717 autem

206 780 274 828 essa
294 762 372 827 illud
396 780 416 826 a
438 761 561 828 Catullo
583 762 711 828 Romam
741 762 856 828 reduce
887 761 1024 827 ostendit
1055 780 1124 826 eum
1145 761 1229 828 beati
1253 761 1338 826 illius

206 873 355 955 temporis
378 873 410 936 in
430 871 505 937 dllii
536 873 626 937 domo
655 875 775 954 peracti
805 873 849 956 [u.
874 872 972 955 4-8]
996 871 1190 949 recordatio,
1221 872 1253 934 in
1275 888 1337 953 quo

205 983 415 1066 praedicando
428 983 566 1047 etiamid
578 984 661 1065 quod
677 990 817 1065 tempore
829 983 970 1064 proxima
982 983 1141 1047 antecedit
1153 1000 1177 1046 o.
1190 980 1335 1046 LXVIIIl

206 1094 337 1158 multum
360 1100 424 1173 est,
448 1099 514 1158 tum
537 1111 612 1158 uero
634 1095 782 1176 temporis
803 1096 978 1174 praesentis
1000 1101 1033 1160 et
1054 1092 1217 1176 praeteriti
1241 1109 1337 1173 oppo-

205 1203 289 1268 sitio.
334 1220 403 1269 num
426 1204 509 1268 enim
528 1223 558 1268 u.
584 1207 602 1268 3
627 1203 803 1285 ‘quondam’
827 1208 859 1268 et
879 1223 909 1269 u.
931 1209 950 1269 9
973 1205 1073 1271 ‘nuno’
1094 1204 1250 1285 legamus,
1282 1220 1336 1266 uo-

203 1300 270 1380 stro
293 1315 362 1379 iure
383 1313 511 1380 ubinam
540 1332 597 1396 per
625 1314 761 1378 medium
790 1319 913 1396 tempus
941 1321 1036 1396 poeta
1064 1315 1105 1380 sit
1128 1316 1336 1380 commoratus

206 1425 396 1506 quaerimus.
441 1425 491 1490 oui
514 1425 690 1504 quaestioni
713 1442 774 1488 nou
798 1424 891 1489 uideo
908 1426 1053 1506 equidem
1068 1423 1223 1506 quomodo
1246 1422 1337 1486 aliter

206 1539 302 1616 queat
323 1535 505 1617 responderi
528 1551 620 1615 quam
650 1539 685 1597 ut
704 1535 764 1598 iter
786 1532 966 1599 Ueronense
994 1535 1097 1600 medio
1126 1534 1173 1598 illi
1204 1532 1337 1614 tempori

206 1645 424 1709 attribuamus.
471 1649 608 1710 aeterum
638 1644 750 1709 mirum
785 1650 832 1708 est
861 1650 995 1725 quantas
1034 1645 1073 1709 de
1101 1631 1243 1709 uersibus
1274 1643 1337 1708 illis

205 1775 305 1837 nugas
327 1755 494 1838 protulerit
517 1755 649 1833 Blesius,
673 1755 727 1835 qui
751 1771 788 1819 ex
808 1755 997 1840 carminibus
1020 1754 1110 1834 VIII,
1134 1752 1282 1818 XXXVII
1305 1758 1337 1817 et

206 1866 308 1932 LVIII
330 1865 408 1932 baec
421 1865 578 1931 concludit
595 1864 637 1948 [p.
656 1864 750 1948 752]:
776 1863 853 1931 ‘dies
875 1863 960 1928 Alles
983 1865 1067 1944 zaigt
1089 1865 1146 1929 das
1161 1862 1233 1927 Bild
1249 1879 1336 1942 gros·

205 1994 256 2041 ser
278 1975 489 2057 Diirftigkeit3
522 1992 555 2039 es
584 1975 626 2038 ist
655 1974 706 2038 die
736 1992 796 2038 nur
820 1974 919 2040 duroh
941 1975 996 2039 des
1018 1972 1162 2039 brahters
1183 1972 1337 2054 glubende

205 2087 302 2152 Liebe
325 2086 432 2152 frbher
452 2085 628 2151 idealisirte
649 2084 796 2148 Existenu
820 2085 906 2149 einer
929 2083 1041 2149 femme
1063 2088 1262 2163 erueturne,
1286 2083 1337 2148 die

205 2215 286 2276 nun,
317 2196 469 2261 naebdem
500 2196 549 2261 ihr
578 2194 768 2260 Besehiitzer
798 2196 843 2258 sie
871 2195 1045 2276 verlassen,
1078 2194 1134 2259 der
1160 2197 1335 2260 aussersten

204 2305 290 2370 Notb
312 2307 376 2371 und
401 2307 472 2371 dem
504 2305 631 2372 tielsteu
654 2304 862 2370 Verlrommen
893 2302 1090 2369 anheimfiel’.
1135 2309 1230 2384 atque
1252 2303 1291 2368 de
1312 2321 1365 2368 a·

204 2415 354 2480 XXXVII
374 2421 406 2480 et
429 2416 532 2480 LVIII
553 2422 664 2498 postea
692 2416 884 2480 uidebimus:
917 2415 999 2494 quod
1030 2413 1071 2478 ad
1094 2431 1219 2478 carmen
1242 2430 1338 2494 supra

204 2525 344 2590 adlatum
368 2527 499 2606 attinet,
531 2545 665 2608 quaeras
689 2544 727 2592 ex
748 2526 855 2591 RiesIo
878 2543 950 2590 num
972 2524 1078 2604 legere
1101 2528 1133 2586 et
1154 2523 1337 2604 intellegere

204 2635 361 2700 didicerit.
407 2655 478 2700 nam
509 2637 614 2704 uerbis
645 2637 707 2701 illis
738 2635 782 2719 [u.
807 2635 840 2719 9]
869 2639 960 2700 ‘nuno
990 2635 1051 2698 iam
1081 2633 1136 2698 illa
1165 2652 1227 2698 non
1258 2633 1335 2697 nult’

205 2745 263 2809 hoo
285 2744 354 2811 luce
383 2745 420 2813 fit
441 2749 572 2828 clarina,
605 2766 664 2811 nou
695 2746 839 2811 Lesbiam
863 2764 881 2810 a
903 2744 1035 2823 Catullo,
1061 2744 1114 2808 sed
1139 2742 1295 2808 Catullum
1318 2761 1337 2806 a

204 2855 319 2921 Lesbia
344 2855 440 2922 fuisse
463 2859 630 2922 desertum.
676 2857 822 2921 deserere
844 2861 948 2919 autem
971 2860 1066 2937 atque
1088 2853 1197 2934 lugere
1219 2858 1336 2918 amato-

205 2983 270 3030 rem
293 2967 439 3047 eupidum
463 2966 658 3048 eundemque
681 2967 828 3045 diuitem,
859 2983 933 3030 uum
956 2963 1173 3030 meretriculae
1195 2969 1243 3027 est
1265 2982 1336 3044 ege-

206 3076 289 3139 nae?
312 3082 343 3139 et
363 3094 456 3157 quam
479 3077 586 3158 inepte
608 3077 647 3140 ad
664 3075 758 3154 talem
779 3074 924 3139 feminam
948 3075 1014 3140 dati
1030 3080 1134 3140 essent
1150 3091 1260 3138 uersus
1283 3073 1336 3137 isti

207 3186 286 3267 ‘quis
314 3203 396 3252 nune
426 3192 458 3250 te
489 3185 612 3251 adibit?
642 3187 691 3250 cui
715 3185 872 3250 uidebaris
900 3184 1021 3250 bella‘?’
1056 3183 1126 3265 eqs!
1157 3202 1237 3265 quae
1267 3183 1335 3248 loca

205 3295 296 3377 quasi
317 3297 452 3361 clamant
466 3295 630 3361 ridiculam
648 3295 733 3360 illam
757 3297 795 3359 de
813 3296 945 3361 Lesbiae
961 3295 1142 3360 condicione
1159 3294 1336 3359 meretricia

206 3406 383 3486 opinionem
407 3405 531 3474 furnilla
554 3425 621 3472 esse
653 3406 877 3488 expellendam.
923 3411 1059 3471 ceterum
1083 3404 1229 3470 uersiculi
1255 3409 1335 3469 16—

208 3519 263 3595 18,
288 3517 370 3597 siqui
392 3517 463 3596 alii,
494 3518 553 3583 hoe
575 3519 670 3582 etiam
692 3517 861 3582 ostendunt
884 3534 1008 3582 carmen
1031 3526 1176 3581 octauum
1199 3535 1236 3580 eo
1259 3523 1335 3580 tem-

206 3643 282 3707 pore
307 3644 375 3692 esse
397 3628 562 3709 scriptum,
594 3646 655 3708 quo
677 3626 818 3694 Catullus
841 3626 975 3692 nondum
999 3627 1077 3692 alios
1100 3625 1231 3691 Lesbiae
1253 3642 1336 3690 ama-

207 3742 291 3800 tores
314 3740 473 3818 tamquam
496 3736 634 3803 aemulos
657 3738 841 3820 impugnare
862 3742 931 3800 erat
952 3741 1085 3802 coactus.
1130 3753 1201 3800 narn
1225 3737 1251 3801 si
1274 3737 1336 3800 iam

206 3851 300 3912 antea
323 3847 418 3911 alium
449 3848 604 3928 quendam
633 3846 788 3912 aLosbia
819 3847 849 3911 in
873 3863 979 3910 amore
1006 3846 1065 3911 sibi
1089 3845 1264 3928 praelatum
1287 3864 1336 3911 eo-

206 3963 350 4038 gnosset,
382 3976 549 4040 numquam
578 3957 682 4024 hercle
714 3974 824 4022 uersus
852 3956 921 4021 illos
954 3957 1128 4022 adiecisset.
1174 3975 1251 4038 quos
1275 3975 1335 4022 uon

207 4071 309 4150 potuit
332 4068 456 4132 mittere
479 4070 539 4134 nisi
560 4069 599 4133 ad
618 4073 791 4132 matronam
814 4061 933 4132 seilicet
954 4065 1117 4132 honestam
1140 4068 1247 4149 (quam
1268 4067 1336 4149 qui-

207 4179 277 4243 dem
300 4178 454 4261 putabat),
479 4181 527 4244 nui
549 4179 627 4243 certi
649 4197 726 4260 quos
749 4177 907 4242 transilire
929 4197 991 4242 uon
1014 4176 1103 4242 licuit
1122 4177 1200 4242 fiues
1222 4176 1335 4242 obiecti

207 4293 311 4353 essent
326 4306 478 4371 quaeque,
503 4293 612 4370 utpote
634 4289 702 4353 uiro
717 4289 854 4353 inamata
870 4294 977 4369 nupta,
1002 4292 1143 4354 amatore
1157 4288 1251 4353 mIsso
1273 4288 1335 4352 iam
