3032 5078
702 452 741 510 73

155 621 310 705 perrimns
331 621 433 686 editor
455 639 493 686 ex
510 619 630 685 Heinsii
653 619 832 685 coniectura
852 618 971 700 reecpit
989 617 1196 700 supremum,
1219 634 1287 684 curn

156 731 219 796 iarn
247 749 342 796 uersu
371 730 569 797 antecedenti
592 730 623 797 id
648 729 833 796 uocabulum
857 729 988 809 legatur.
1034 745 1103 794 curn
1129 730 1233 792 autem
1257 728 1289 792 in

155 839 214 906 hoc
237 842 389 922 carmine,
419 842 506 908 cuius
537 839 635 905 uerba
663 840 695 904 in
718 838 749 903 B
770 839 956 922 pracsertim
978 874 1021 885 -
1044 843 1079 915 ut
1102 856 1152 901 uu.
1175 841 1193 900 5
1215 841 1246 901 ct
1269 840 1288 900 6

157 951 241 1016 clare
273 953 490 1017 demonstrant
520 987 559 998 -
583 957 630 1015 tot
658 956 835 1030 tantasque
856 947 1050 1030 corruptelas
1083 961 1189 1029 passa
1206 950 1288 1027 sunt,

157 1079 219 1125 non
252 1062 344 1126 nimis
376 1064 467 1128 anxie
497 1063 623 1127 traditis
653 1061 768 1126 litteris
798 1059 962 1124 inhaerere
991 1057 1148 1123 interdurn
1179 1057 1290 1123 deceat

157 1173 313 1253 criticum,
339 1173 483 1254 rescripsi
508 1172 539 1236 id
562 1171 645 1253 quod
663 1171 850 1235 asententia
867 1170 956 1234 unice
970 1166 1132 1249 flagitatur
1155 1167 1191 1232 ‘si
1208 1165 1290 1232 forte

156 1281 315 1368 prementi
335 1284 455 1347 errauit
477 1284 538 1347 iarn
562 1286 661 1345 morte
677 1281 786 1366 piger’;
809 1279 845 1345 ei.
871 1299 917 1346 cx.
932 1299 977 1360 gr.
995 1277 1076 1343 (liris
1096 1276 1187 1362 [316]
1210 1279 1289 1343 ‘cum

159 1398 317 1473 premeret
345 1398 475 1470 natura,
508 1391 666 1456 mori'me
696 1390 776 1455 uelle
807 1389 940 1471 negaui’.
965 1427 1006 1438 -
1035 1388 1118 1454 idem
1149 1388 1234 1453 cadit
1255 1388 1287 1452 in

158 1520 283 1566 uersum
317 1506 358 1567 25
393 1503 516 1566 ‘iterum
551 1501 668 1567 sentire
702 1503 809 1566 ruinas
845 1499 939 1566 Troia
971 1517 1061 1578 suas,
1096 1499 1210 1564 iterum
1238 1515 1290 1563 co·

160 1617 252 1693 getur
283 1611 416 1676 reddere
438 1610 555 1676 uoces’:
597 1629 697 1692 neque
727 1612 809 1676 enim
845 1612 995 1676 absonum
1031 1607 1108 1673 illud
1148 1607 1289 1673 ‘reddere

158 1720 260 1786 uoces'
283 1721 452 1786 correxisse
479 1727 556 1803 puto
585 1721 756 1803 Heynium,
793 1738 861 1785 cnm
896 1721 1039 1786 ‘reddere
1068 1717 1195 1801 poenas’
1218 1736 1290 1799 pro·

158 1837 297 1915 poneret.
342 1831 487 1912 equidem
516 1831 598 1912 quod
636 1832 724 1913 posui
757 1833 894 1911 ‘cogetur
924 1829 1027 1895 sidere
1056 1830 1088 1894 in
1123 1828 1220 1911 ignes‘
1247 1866 1290 1877 —

161 1942 198 2007 cf.
222 1941 318 2021 Uerg.
342 1943 419 2006 Aen.
444 1941 475 2006 Il
495 1946 558 2007 624
577 1979 619 1989 -
650 1941 784 2006 libenter
814 1941 955 2019 abiciam,
980 1940 1079 2020 siquis
1100 1939 1219 2005 leniore
1242 1957 1290 2005 re-

159 2051 261 2115 medio
282 2069 394 2116 sanare
416 2053 513 2117 uerba
541 2053 627 2116 sciet.
650 2087 693 2098 —
715 2070 744 2115 ιι,
771 2055 811 2116 30
835 2051 934 2116 ‘uiuat
963 2050 1052 2115 Maro
1082 2051 1193 2115 ductus
1221 2050 1290 2114 ubi-

159 2162 240 2242 que’.
286 2163 369 2243 quod
399 2181 457 2244 pro
488 2163 595 2243 inepto
626 2161 679 2225 illo
712 2161 843 2226 ‘ductus’
867 2161 939 2233 olim
965 2162 997 2225 in
1020 2160 1213 2226 Fleckeiseni
1235 2177 1290 2226 an-

158 2271 281 2335 nalibus
304 2269 401 2355 [1873
422 2290 452 2353 p.
477 2271 531 2354 63]
556 2271 682 2350 conieci,
705 2272 736 2335 id
760 2289 817 2336 nec
841 2289 920 2335 nunc
938 2275 1034 2335 ruuto.
1057 2307 1098 2316 —
1120 2267 1291 2335 in'ultimis

159 2381 301 2446 uersibus
323 2381 408 2446 solus
430 2380 461 2445 Β
483 2381 596 2461 dignus
619 2387 667 2444 est
687 2399 779 2462 quem
808 2383 839 2445 in
863 2380 1064 2447 restituendis
1085 2385 1198 2461 poetae
1219 2398 1290 2446 ucr-

159 2492 206 2557 bis
225 2509 407 2574 sequamur3
438 2509 508 2555 nam
532 2491 562 2555 in
587 2489 659 2554 PU
686 2489 835 2555 librorum
853 2490 1043 2574 archetypo,
1075 2509 1144 2557 cum
1167 2489 1289 2555 librarii

159 2602 360 2667 testinatione
390 2619 427 2664 ex
459 2600 580 2665 dnobus
614 2600 756 2666 uersibus
789 2619 867 2666 unus
898 2601 1066 2682 euasisset,
1101 2601 1151 2668 hic
1179 2607 1291 2685 postea

159 2729 354 2804 quocumque
375 2711 468 2776 modo
491 2715 647 2777 correctus
673 2716 729 2776 est.
775 2712 865 2776 unice
893 2716 998 2775 autern
1020 2716 1138 2778 rectam
1159 2717 1236 2795 puto
1260 2730 1290 2776 u.

162 2825 202 2886 34
225 2820 389 2887 lectionem
417 2821 449 2884 in
480 2817 513 2883 Β
534 2820 658 2888 obuiam
690 2820 866 2902 aeternus,
895 2821 935 2885 ad
958 2821 1041 2904 qnod
1063 2822 1193 2887 uerbum
1216 2840 1289 2904 sup·

159 2931 308 3014 piendum
331 2937 378 2995 est
401 2928 590 3010 ‘Uergilius’‚
622 2932 709 2996 cuius
737 2931 857 2997 scilieet
884 2932 1023 2996 carmina
1044 2931 1128 2996 omni
1151 2936 1291 3015 tempore

159 3061 178 3106 a
199 3041 299 3106 Musis
317 3041 437 3105 cantari
451 3039 619 3122 tinguntur.
645 3077 688 3088 —
711 3061 740 3106 n.
759 3045 798 3106 35
820 3042 918 3106 uerba
941 3043 982 3106 ‘in
1005 3042 1120 3123 populo
1143 3043 1209 3108 diui
1231 3042 1289 3108 sub

158 3153 284 3217 numine
313 3151 434 3216 nomen'
470 3153 524 3214 nix
554 3150 650 3216 ullam
684 3171 703 3217 a
732 3152 891 3218 latinitate
927 3153 1138 3219 defensionem
1174 3152 1290 3219 habere

157 3267 242 3343 puto.
289 3261 361 3326 dedi
386 3260 462 3325 ‘dini
484 3261 541 3324 sub
556 3263 681 3327 nomine
695 3263 830 3344 numen',
853 3264 885 3328 id
907 3271 970 3329 est:
992 3261 1102 3330 audiat
1120 3266 1151 3329 iu
1175 3265 1290 3348 populo

158 3373 260 3436 ‘diuus
285 3370 454 3450 Uergilius'
479 3380 510 3436 et
529 3373 571 3435 ita
594 3374 684 3452 quasi
707 3391 820 3440 numen
842 3373 971 3440 colatur.

243 3482 353 3546 Restat
384 3487 419 3545 ut
441 3500 565 3546 carmen
595 3489 695 3547 totum
726 3503 745 3547 a
776 3484 864 3548 uobis
893 3485 977 3549 haud
1009 3486 1117 3567 paucis
1147 3486 1290 3550 uersibus

158 3597 284 3657 anctum
308 3597 339 3655 et
361 3609 418 3672 pro
441 3592 561 3657 uiribus
592 3595 789 3658 emendatum
820 3612 974 3677 opponam
995 3595 1119 3660 adiecta
1140 3596 1223 3660 omni
1246 3594 1290 3659 le·

157 3703 269 3769 ctionis
292 3702 464 3766 uarietate:

259 3819 369 3887 Ergone
390 3821 523 3887 supremis
541 3821 632 3889 potuit
648 3836 703 3875 uox
720 3820 847 3889 improba
864 3822 956 3877 uerbis

260 3927 316 3975 tam
333 3920 420 3974 dirum
437 3919 565 3976 mandare
583 3922 682 3978 nefas?
702 3939 767 3993 ergo
784 3924 837 3979 ibit
853 3924 881 3978 in
900 3925 979 3993 ignes

259 4039 412 4092 magnaque
430 4023 579 4092 doctiloqui
596 4026 727 4082 morietur
744 4027 826 4082 Musa
843 4027 988 4083 Maronis?

155 4181 296 4236 Octauiani
317 4178 419 4234 cesaris
437 4178 547 4247 augusti
564 4195 661 4252 uersus
690 4181 724 4272 de
742 4181 880 4237 laudanda
900 4197 933 4236 ac
956 4181 1128 4238 adfirmanda
1146 4189 1205 4237 arte
1226 4182 1291 4238 Uer·

156 4274 213 4350 gilii
232 4279 426 4342 postmortem
445 4272 517 4330 illius
543 4273 679 4341 incipiunt
702 4275 741 4342 Β,
768 4275 944 4347 Epigramma
968 4278 1038 4346 Aug.
1066 4276 1193 4332 Caesarie
1219 4275 1291 4344 quod
