3032 5078
717 468 757 530 69

169 657 231 720 que
253 644 358 705 cetera
382 637 471 702 uitia.
516 642 638 702 restant
669 642 773 702 tamen
803 637 898 701 etiam
927 636 960 701 in
991 629 1148 718 scriptura
1177 636 1249 703 libri
1277 636 1307 701 Ρ

170 748 323 831 quaedam
347 746 559 812 emaculanda.
605 747 741 829 primum
771 747 852 810 enim
884 764 944 810 non
976 747 1094 812 intacta
1126 751 1199 812 sunt
1227 746 1305 814 haec

171 861 239 925 ‘nec
259 863 409 941 poterunt
429 856 590 938 spectare'.
636 876 708 922 nam
740 856 771 920 id
795 857 877 936 quod
902 855 934 920 in
959 854 989 920 B
1010 875 1067 939 pro
1093 858 1168 923 ‘nec’
1188 858 1305 939 legitur

171 968 224 1034 ‘et'
247 969 300 1033 uix
323 970 423 1034 ausim
446 973 565 1032 rectum
588 965 760 1046 affirmare,
785 985 853 1032 cum
879 966 977 1030 multo
1003 968 1114 1034 melius
1136 969 1304 1033 conueniat

170 1075 379 1160 indignationi
410 1096 504 1161 quam
535 1077 645 1161 primis
682 1076 825 1142 uersibus
853 1081 949 1159 poeta
980 1078 1143 1158 exprimit,
1174 1079 1201 1144 si
1233 1086 1305 1162 post

170 1189 271 1254 uerba
302 1189 453 1254 ‘soluetur
482 1189 590 1278 littera
618 1187 717 1253 diues’
750 1187 966 1268 interrogandi
997 1187 1119 1268 signum
1149 1191 1303 1271 ponimus.

171 1301 279 1381 itaque
302 1319 359 1382 pro
384 1299 467 1364 ‘Nec’
491 1298 683 1381 reposuerim
699 1295 793 1376 ‘Hsc’,
814 1296 846 1362 id
870 1302 918 1361 est
940 1296 1045 1364 ‘baed
1091 1298 1205 1366 deinde
1220 1301 1303 1382 quod

170 1427 228 1490 pro
251 1410 358 1491 inepto
389 1409 443 1473 illo
467 1407 675 1491 ‘ductumque’
701 1405 733 1471 P
754 1406 885 1489 praebet
917 1406 1086 1489 ‘tantique'
1110 1409 1156 1474 ita
1178 1416 1304 1475 mutan-

172 1519 246 1586 dum
269 1537 380 1585 censeo
400 1524 436 1584 ut
460 1521 620 1599 ‘tantoque
637 1516 734 1600 operi’
758 1517 958 1592 rescribatur.
982 1555 1024 1566 —
1045 1520 1106 1584 iam
1128 1520 1160 1584 in
1183 1520 1305 1603 eisqui

171 1634 322 1694 secuntur
345 1630 487 1695 uersibus
510 1628 644 1714 [8-17]
659 1645 793 1708 causam,
814 1647 876 1710 qua
890 1628 1066 1710 Apollinem
1083 1628 1190 1695 Musas
1213 1630 1305 1698 Libe-

174 1757 244 1803 rum
256 1738 402 1804 Cererem
415 1745 450 1804 ut
459 1744 642 1804 succurrant
651 1739 854 1818 inuocauerit,
868 1739 914 1803 ita
926 1744 1020 1820 poeta
1028 1738 1133 1803 reddit
1142 1746 1176 1804 ut
1185 1757 1305 1806 summa

174 1847 309 1929 Uergilii
334 1849 447 1914 merita
469 1849 620 1915 adductis
641 1850 709 1913 eius
732 1847 893 1930 Georgicis
918 1849 1091 1914 adumbret.
1136 1850 1168 1914 in
1192 1850 1305 1931 quibus

172 1959 317 2024 uersibus
340 1960 424 2041 quod
448 1977 486 2024 ex
510 1957 681 2024 Puersum
704 1958 806 2025 adhuc
825 1958 918 2042 plane
936 1960 1127 2040 incognitum
1149 1959 1306 2026 lucramur

176 2069 207 2134 id
231 2069 315 2150 grati
337 2070 543 2151 accipiemus,
567 2069 594 2134 is
615 2069 697 2133 enim
720 2074 792 2151 post
814 2087 844 2134 u.
870 2073 907 2133 11
932 2070 1010 2135 haec
1032 2070 1143 2135 inserit
1166 2071 1306 2134 ‘munera

172 2178 295 2245 telluris
329 2179 437 2260 largae
469 2179 591 2243 ratione
628 2177 777 2243 nouauit'.
822 2177 955 2258 Uergilii
987 2180 1106 2244 meritis
1130 2179 1188 2244 hoc
1213 2178 1305 2244 modo

172 2289 322 2370 expositis
344 2289 390 2352 ita
412 2294 507 2370 poeta
524 2288 693 2353 secundum
718 2287 871 2370 Bpergit
894 2288 979 2353 ‘haec
1001 2289 1089 2354 dedit
1114 2293 1148 2354 ut
1163 2292 1304 2371 pereant,

171 2400 272 2481 ipsum
302 2400 328 2463 si
359 2399 463 2463 dicere
494 2395 541 2461 las
573 2396 640 2463 est’.
693 2415 862 2478 numquam
889 2404 1004 2463 autem
1035 2399 1112 2463 satis
1140 2398 1305 2464 miraberis

171 2509 312 2591 priorum
339 2501 495 2572 editorum
525 2513 700 2589 stuporem,
734 2509 787 2589 qui
821 2527 881 2573 non
910 2508 1201 2574 animaduerterunt
1232 2514 1306 2575 ante

172 2638 201 2682 u.
228 2621 268 2682 14
290 2618 378 2682 hiare
400 2618 582 2682 orationem.
629 2636 700 2682 nam
721 2636 790 2682 cum
819 2617 914 2684 ‘haec’
935 2618 975 2683 ad
998 2636 1036 2682 ea
1058 2636 1139 2699 qnae
1162 2619 1306 2684 uersibus

173 2727 431 2793 antecedentibus
462 2728 644 2809 praedicata
680 2734 753 2793 sunt
791 2733 949 2812 spectent,
981 2733 1091 2794 auctor
1131 2728 1306 2810 Uergilium

176 2837 338 2922 Georgica
361 2836 509 2901 Romanis
532 2836 656 2903 dedisse
685 2844 721 2902 ut
742 2857 813 2904 mox
836 2839 1032 2904 combureret
1055 2838 1150 2904 dicitl
1174 2845 1307 2922 apparet
1369 2842 1373 2861 '

176 2966 302 3013 uersum
331 2946 418 3012 illum
451 2952 536 3013 stare
564 2966 625 3012 non
657 2967 748 3030 posse
776 2949 836 3014 nisi
862 2948 1024 3031 praecedit
1052 2948 1200 3016 Aeneidis
1222 2969 1305 3017 com-

173 3058 366 3125 memoratio.
410 3058 442 3122 in
466 3057 514 3121 his
536 3057 637 3124 turbis
658 3061 812 3126 succurrit
833 3060 922 3124 nobis
947 3058 1073 3125 Phaee
1095 3058 1262 3126 exhibens:

275 3191 344 3246 haec
361 3189 437 3246 dedit
455 3197 485 3244 ut
501 3201 625 3261 pereant,
642 3194 731 3262 ipsum
749 3193 772 3248 si
791 3193 882 3249 dicere
899 3193 942 3248 faa
961 3199 1009 3249 est.

276 3284 352 3338 illum
368 3284 459 3353 ipsum
476 3297 580 3339 aenean
597 3286 731 3342 nescisset
747 3301 825 3341 roma
842 3286 969 3356 perennis

280 3378 361 3433 docta
378 3392 506 3432 maroneo
526 3384 636 3432 caneret
654 3378 706 3434 nisi
724 3379 825 3447 pagina
842 3395 933 3434 uersu.

174 3517 256 3580 quac
279 3498 324 3562 ita
346 3497 499 3579 accipient
521 3496 705 3575 sanitatem,
738 3497 764 3561 si
788 3515 913 3563 uersum
941 3499 1076 3580 primum
1099 3499 1210 3566 leceris
1234 3500 1308 3565 ulti-

174 3617 268 3686 mum.
314 3613 362 3673 est
384 3612 497 3688 autem,
522 3612 558 3672 ut
577 3611 664 3689 puto,
688 3608 720 3672 in
743 3608 910 3690 propatulo
931 3609 1009 3674 duos
1024 3627 1133 3675 uersus
1157 3627 1254 3674 nouos
1277 3610 1308 3674 in

174 3738 212 3783 eo
234 3717 420 3801 archetypo,
453 3717 536 3782 unde
561 3723 592 3782 et
613 3715 693 3782 Bet
715 3717 908 3800 Poriginem
930 3719 1095 3799 duxerunt,
1119 3719 1151 3784 in
1168 3720 1309 3802 margine

175 3829 273 3894 luisse
294 3828 439 3907 additns;
469 3828 514 3892 sic
544 3828 625 3893 enim
654 3846 708 3892 cur
738 3829 766 3894 ei
791 3830 821 3892 in
846 3828 877 3893 B
900 3829 993 3911 plane
1016 3829 1130 3910 omissi,
1154 3830 1186 3894 in
1206 3827 1308 3895 Pau·

174 3946 238 4005 tem
267 3939 335 4004 loco
369 3938 470 4003 alieno
501 3937 611 4002 inserti
649 3940 713 4002 sint
743 3936 891 4004 facillime
920 3939 1118 4021 perspicitur.
1171 3947 1308 4004 ceteram

175 4051 274 4117 uerba
305 4051 415 4131 ‘ipsum
447 4049 474 4112 si
504 4048 608 4112 dicere
637 4048 685 4112 fas
713 4048 770 4112 est‘
801 4054 886 4114 recte
920 4055 1138 4142 suspect-arunt
1161 4049 1309 4115 Heinsius

175 4161 452 4240 Burmannusque,
486 4159 539 4239 qui
562 4176 673 4239 parum
696 4165 799 4223 tamen
823 4158 927 4224 felicia
949 4159 1110 4241 protulere
1135 4161 1307 4225 conamina.
