3032 5078
743 411 786 473 44

420 575 531 645 Egnati,
551 591 638 645 opaca
656 591 734 645 quem
752 577 854 632 bonum
871 575 938 632 iacit
954 577 1041 632 barba

421 676 449 724 et
466 669 532 725 dens
550 671 654 726 Hibera
672 669 818 726 defricatus
836 670 922 752 urina.

200 798 280 862 mira
305 798 448 863 lectionis
478 800 616 865 uarietas
648 800 679 863 in
702 817 778 865 uoce
801 798 1017 866 ‘cuniculosae'
1047 800 1216 871 inuenitur.
1262 798 1332 864 Pri·

200 908 324 972 scianns
348 909 429 974 enim
454 910 574 975 duobus
596 910 672 975 locis
705 909 746 992 [V
770 913 808 972 77
833 914 864 974 et
885 908 944 973 Vll
967 912 1007 974 22
1030 908 1083 992 H.]
1114 908 1154 973 de
1177 911 1332 975 uocatiuis

202 1018 281 1082 ‘une’
303 1023 335 1083 et
359 1017 421 1084 ‘iili’
444 1038 539 1100 agens
563 1022 608 1083 ita
630 1017 722 1084 affert
745 1037 855 1084 uersus
873 1017 1076 1099 Catullianos,
1102 1026 1136 1084 ut
1157 1039 1215 1102 pro
1237 1021 1332 1085 ‘cuni-

200 1128 333 1194 culosae’
354 1130 505 1212 praebeat
530 1130 761 1196 ‘celtiberosae'.
806 1135 840 1194 at
871 1131 1020 1194 memoria
1046 1129 1153 1210 lapsus
1193 1137 1240 1195 est
1262 1130 1332 1195 Pri·

200 1240 338 1320 scianus,
375 1248 410 1304 ut
441 1258 535 1322 saepe
558 1241 752 1322 grammatici
774 1239 875 1305 latini.
920 1258 999 1320 nego
1023 1244 1126 1305 tamen
1148 1237 1217 1305 fieri
1240 1257 1332 1322 posse

200 1356 236 1413 ut
258 1349 306 1414 bis
326 1350 382 1416 ille
404 1349 575 1416 falleretur.
622 1351 742 1416 accedit
763 1350 847 1431 quod
869 1351 975 1433 priore
993 1350 1118 1431 quidem
1141 1349 1209 1415 loco
1224 1357 1333 1432 aperte

201 1459 340 1526 declarat
362 1478 396 1525 se
418 1460 494 1525 baec
517 1478 555 1524 en
576 1460 678 1526 Flauii
701 1459 811 1542 Capri,
838 1460 1240 1542 ‘deotissimiantiquitatis
1262 1478 1332 1542 per-

199 1570 401 1650 scrutatoris’,
437 1553 663 1655 dissertatione}
691 1571 860 1653 nescioqua
887 1571 1064 1653 sumpsisse.
1118 1571 1158 1635 ad
1197 1569 1332 1652 Capram

200 1681 297 1760 igitur
329 1680 421 1746 lectio
444 1681 505 1744 ista
535 1697 610 1744 sane
638 1681 849 1746 memorabilis
879 1681 970 1746 redit.
1016 1681 1077 1746 iam
1110 1680 1188 1746 illud
1214 1698 1331 1763 quaero

200 1810 273 1855 nnm
296 1790 444 1857 credibile
465 1791 506 1854 sit
529 1791 764 1872 grammaticum
788 1797 851 1855 tam
869 1790 1020 1857 celebrem
1041 1790 1091 1856 uel
1113 1790 1210 1855 solius
1225 1808 1333 1857 errore

202 1901 370 1966 memoriae
392 1906 455 1965 tam
479 1899 570 1966 foede
592 1900 713 1981 lapsum
741 1918 809 1966 esse
831 1907 867 1965 ut
894 1902 1011 1966 uiolato
1035 1907 1134 1966 metro
1159 1901 1334 1966 ‘celtibero-

202 2011 264 2077 sae'
285 2016 418 2093 poneret
442 2030 500 2093 pro
523 2010 753 2090 ‘celtiberosae',
778 2028 847 2075 cum
869 2012 1055 2092 praesertim
1074 2012 1271 2077 coniunctum
1295 2011 1332 2076 il-

198 2122 253 2187 lud
285 2122 497 2187 ‘celtiberosae
532 2119 729 2185 Celtiberiae’
753 2120 847 2202 plane
878 2121 1047 2187 absurdum
1083 2123 1132 2186 sit.
1178 2122 1261 2202 quod
1291 2122 1332 2186 ad

199 2233 387 2314 scripturam
408 2233 440 2295 in
470 2229 670 2295 Vtraditam
702 2231 917 2296 ‘cuniculosae'
946 2231 1076 2311 attinet,
1107 2231 1240 2295 latinum
1264 2233 1334 2313 qni-

200 2345 269 2410 dem
294 2342 478 2408 uocabulum
494 2340 653 2420 habemus
678 2340 732 2405 sed
748 2341 896 2421 quidnam
919 2341 959 2406 ad
977 2341 1147 2406 notandum
1161 2341 1331 2422 Egnatium

200 2453 278 2518 illud
301 2454 407 2517 ualeat
437 2470 498 2516 non
521 2451 684 2533 perspicio.
729 2451 837 2532 itaque
866 2452 920 2531 qni
944 2469 1024 2534 quac
1046 2469 1141 2533 snpra
1164 2453 1270 2516 monui
1292 2451 1331 2516 de

200 2563 272 2628 libri
305 2561 474 2627 Catulliani
510 2562 542 2624 in
578 2562 647 2642 ipsa
682 2563 874 2642 antiquitate
906 2563 1105 2643 corruptione
1136 2562 1329 2642 recordatur,

201 2674 366 2739 lectionem
390 2672 475 2736 illam
498 2687 516 2735 a
537 2671 698 2736 Prisciano
720 2678 877 2737 seruatam
896 2691 956 2737 non
980 2672 1174 2738 abiciendam
1197 2691 1273 2753 esse,
1296 2677 1333 2737 ut
1388 2695 1393 2710 ¹

200 2784 365 2865 bucusque
387 2781 527 2847 fecerunt
550 2782 695 2861 editores,
720 2783 773 2846 sed
797 2783 1010 2864 quaerendum
1037 2782 1209 2862 numquid
1232 2781 1332 2847 bonae

201 2894 300 2977 frugis
324 2913 362 2959 en
385 2911 422 2958 ea
443 2893 612 2973 reciperari
631 2893 793 2973 possimne,
818 2912 936 2958 mecum
952 2892 1086 2974 putabit.
1133 2897 1164 2956 et
1187 2890 1246 2956 bae
1264 2892 1333 2971 qui·

202 3004 272 3069 dem
304 3005 442 3068 rationes
467 3003 570 3066 nescio
607 3020 646 3066 an
677 3001 821 3067 Uossium
860 3003 1048 3068 adduxerint
1077 3007 1112 3066 nt
1143 3001 1333 3068 rescriberet

203 3114 309 3179 ‘Celtis
331 3113 479 3194 perosae’.
525 3114 628 3193 potuit
656 3121 759 3177 tamen
782 3114 900 3180 leniore
921 3114 1060 3179 remedio
1083 3111 1199 3178 Catulli
1223 3129 1333 3176 manns

201 3224 333 3289 restitui.
379 3223 534 3301 nimirum,
556 3220 632 3286 mihi
655 3227 690 3287 ut
705 3225 840 3305 uidetur,
863 3225 1042 3289 Priscianus
1065 3224 1096 3287 in
1112 3222 1206 3305 Capri
1229 3241 1333 3288 exem-

200 3335 282 3417 plari
309 3332 526 3398 ‘celtisberose’
550 3334 678 3414 inuenit,
704 3335 786 3415 quod
812 3339 929 3399 temere
953 3340 985 3398 et
1007 3334 1174 3399 inscienter
1189 3333 1332 3398 mutauit.

202 3444 274 3509 hinc
307 3443 465 3508 lenissima
504 3460 577 3508 usus
611 3445 803 3510 correctione
837 3444 957 3510 scribo:
998 3445 1070 3508 ‘une
1107 3443 1146 3508 de
1164 3443 1334 3524 capillatis

203 3553 316 3633 Celtis,
345 3571 455 3618 uerose
477 3553 666 3618 Celtiberiae
697 3553 761 3618 fili’.
807 3554 865 3619 boc
897 3571 991 3617 unum
1022 3571 1098 3618 sane
1129 3553 1269 3618 restabat
1297 3556 1333 3616 nt

202 3665 357 3730 hominem
380 3664 440 3729 sibi
461 3682 605 3744 perosum
636 3667 794 3744 tamquam
822 3681 989 3744 puerorum
1017 3669 1202 3728 sectatorem
1227 3663 1333 3743 exagi-

205 3780 286 3839 taret
308 3773 459 3838 Catullus.
504 3774 543 3837 de
575 3773 715 3838 ‘uirosus'
738 3791 814 3838 uoce
836 3772 890 3851 cl,
922 3772 1004 3855 quod
1036 3772 1076 3836 ad
1095 3790 1160 3837 rem
1182 3773 1331 3854 pertinet,

204 3883 323 3949 Gellius
361 3883 544 3964 vl12‚s;
586 3884 668 3964 quod
699 3884 739 3947 ad
770 3882 910 3962 formam,
943 3882 1132 3948 Ritscbelins
1167 3901 1270 3964 opusc.
1304 3883 1335 3948 Il

205 3999 341 4076 ntssqq.
366 4001 398 4059 et
419 3993 557 4059 Lucilius
583 3993 640 4058 VII
664 3994 701 4058 ir.
730 3998 769 4058 14
793 3993 840 4057 ed.
861 3993 896 4057 L.
921 3992 965 4060 Μ.

117 4095 120 4102 '
289 4104 411 4168 Addam
433 4103 482 4168 bis
500 4105 538 4169 de
555 4103 670 4186 Egnati
687 4121 820 4186 persona
843 4103 1059 4184 suspicionem.
1084 4104 1229 4184 quotiens
1250 4103 1331 4168 enim

202 4215 313 4294 longos
334 4215 425 4279 istius
448 4213 576 4296 capillos
593 4215 780 4296 longamque
797 4213 927 4280 barbam
947 4213 1018 4296 legi,
1040 4218 1154 4281 totiens
1170 4217 1336 4297 nescioquo
